2722 4222
166 275 228 337 106
392 270 550 322 HEAVTON
575 272 817 322 TIMORVMENOS.
897 274 950 324 1v.
966 273 994 322 5.
1010 271 1112 322 45-6.
1126 273 1168 323 10

249 421 337 487 Illic
352 422 545 510 confugies:
570 423 668 511 ‘quid
682 426 777 489 meai
800 444 883 488 num
897 422 980 487 mihi
995 423 1147 488 datumst
1156 422 1167 488 2
1176 438 1203 479 4⁵

250 522 345 589 Num
360 524 461 590 hissii
483 546 567 589 num
581 526 639 590 illa
653 526 875 614 oppignerare
888 525 999 591 filiam

98 646 153 704 795
250 625 364 692 Meim
379 647 434 692 me
451 627 560 693 inuito
575 627 685 714 petuit
694 629 719 692 i’
739 648 858 694 uerum
872 627 965 711 fflsd,
978 627 1150 711 Chremes,

250 728 397 793 Dicent:
421 729 488 793 ‘ius
504 749 673 794 summum
688 729 787 816 saepe
805 750 937 795 summa
951 735 1003 795 est
1017 731 1166 796 melitis?
1298 796 1301 801 .

165 831 240 898 OH.
250 830 355 896 Haud
371 830 504 897 fficiam.
550 831 618 897 SY.
638 830 750 897 Immo
771 832 845 898 aliis
867 831 894 897 si
916 832 1003 913 licet,
1019 833 1082 898 tibi
1100 832 1168 898 nen

292 933 389 1000 licet:

251 1036 378 1103 Omnes
393 1041 429 1101 te
446 1036 483 1101 in
497 1037 592 1103 lauta
606 1059 669 1102 cese
685 1035 719 1101 et
733 1037 819 1102 bene
834 1042 935 1103 aucta
949 1036 987 1102 νά
1001 1043 1133 1124 putant.
1175 1055 1202 1095 ω

165 1139 240 1206 OH.
252 1138 342 1218 Quin
360 1139 495 1226 egomet
517 1140 586 1205 iam
603 1139 648 1204 cd
670 1159 746 1204 eam
763 1138 923 1206 deferam.
969 1141 1036 1206 SY.
1057 1141 1167 1207 Immo

292 1241 405 1306 filium

46 1381 50 1388 ·
98 1366 155 1419 800
251 1344 335 1410 Iube
346 1343 466 1432 petius.
504 1344 579 1410 OH.
593 1343 704 1423 Quam
719 1344 858 1410 obrem?
895 1345 962 1412 SY.
977 1345 1065 1425 Quia
1076 1347 1167 1412 enim

293 1447 328 1511 in
343 1466 421 1511 eum
436 1445 613 1533 suspiciost

251 1549 430 1616 Translitc
451 1549 584 1615 amoris.
636 1548 711 1615 OH.
732 1548 822 1628 Quid
844 1551 940 1615 cumi
991 1551 1059 1617 sY.
1080 1550 1168 1630 Quia

292 1652 464 1719 uidebitur

250 1756 363 1842 Magis
378 1755 449 1822 ueri
464 1755 573 1821 simile
588 1755 623 1820 id
638 1753 718 1837 esse,
731 1775 833 1843 quem
848 1755 903 1820 hic
918 1755 967 1820 illi
982 1756 1099 1823 debiti

252 1858 298 1923 Et
314 1858 412 1923 simul
427 1858 605 1923 conficiam
618 1856 750 1922 facilius
765 1877 830 1945 ego
844 1857 933 1946 qued
947 1858 1035 1925 uolo,
1175 1877 1203 1918 ss

252 1960 329 2048 Ipse
341 1961 423 2027 ideo
434 1960 545 2027 adest:
564 1959 629 2041 abi,
638 1959 729 2026 ecfer
737 1966 927 2048 argentum.
950 1949 1166 2030 OHchero.

436 2256 679 2319 OLITIPHO.
729 2257 895 2320 SYRVS.

98 2374 155 2427 805
166 2371 231 2437 OL.
251 2370 388 2437 Nullast
402 2375 474 2437 tam
488 2370 598 2436 facilis
613 2369 675 2451 res
688 2371 768 2458 quin
785 2370 932 2437 difficilis
947 2370 1020 2451 siet,
1176 2368 1197 2436 6

252 2474 363 2554 Quam
380 2473 508 2540 inuitus
525 2473 640 2539 facias.
684 2473 741 2540 uel
758 2495 813 2540 me
830 2473 914 2540 haec
929 2471 1167 2554 decmbulitio,

253 2578 364 2656 Quam
378 2577 446 2644 nen
461 2575 636 2659 laboricsa,
648 2577 693 2642 ad
707 2575 907 2664 languorem
922 2575 1027 2641 dedit.

112 2701 123 2719 ·
252 2678 327 2745 Nec
359 2680 537 2768 quicquam
573 2679 683 2767 magis
719 2699 809 2744 nunc
844 2677 961 2744 metuo
994 2698 1097 2765 quam
1125 2696 1169 2743 ne

295 2782 406 2848 denuo

252 2884 358 2951 Miser
374 2885 486 2973 ilique
505 2887 668 2952 extrudar
684 2885 773 2969 hinc,
790 2906 833 2952 ne
850 2885 1009 2952 accedam
1026 2883 1071 2950 ad
1089 2883 1191 2949 Bes-⁶

294 2987 436 3054 chidem.

253 3089 304 3155 Vt
318 3088 354 3156 te
369 3089 506 3178 quidem
521 3110 637 3155 omnes
652 3089 687 3154 di
702 3082 784 3157 dece
799 3089 1006 3178 quantimst‚
1020 3089 1114 3178 Syre,

252 3191 339 3257 Oum
354 3191 437 3258 istco
451 3191 592 3257 inuento
609 3191 752 3280 ciimque
766 3193 902 3279 incepto
916 3191 1093 3279 perduint!

251 3292 362 3359 Huiiis
377 3294 470 3359 medi
485 3294 531 3359 mi
547 3315 600 3360 res
615 3293 746 3381 semper
761 3294 1022 3376 comminiscere,

250 3397 322 3462 Vbi
337 3418 392 3463 me
410 3397 647 3464 excarnufices.
693 3396 760 3468 SY.
778 3383 854 3463 ibin
871 3397 951 3462 hinc
966 3418 1033 3485 quo
1048 3396 1169 3485 dignus
1208 3454 1211 3458 .

294 3501 349 3565 esi

254 3599 367 3679 Quam
380 3602 488 3689 paene
503 3607 563 3669 tua
577 3621 632 3668 me
646 3601 793 3688 pertudit
808 3602 1029 3698 protensas!
1179 3614 1205 3654 1⁰
