2722 4222
155 277 196 340 92
440 273 599 325 flmvror
625 273 866 325 rmoavrrros.
963 277 1020 326 111.
1036 277 1063 328 a.
1078 276 1155 328 9-24

85 433 144 493 570
238 425 330 493 Nhui
352 426 601 514 egeamantie:
624 426 775 492 animum
798 426 984 493 aduortunt
1006 427 1158 516 grauiter

280 550 367 616 quae
381 550 450 594 non
465 529 609 595 censear.

153 631 218 698 eL.
234 616 285 697 rit
296 632 381 697 fides
396 631 444 695 mi
458 631 550 718 apud
564 632 654 697 hrinc
665 637 726 715 est,
738 632 787 696 nil
801 654 856 698 me
867 632 963 699 istius
974 633 1155 716 facturam,
1165 657 1190 697 10

304 740 387 799 ater.

153 836 227 903 OH.
237 755 337 903 Esio:
356 840 393 902 at
408 841 498 902 certe
510 835 673 903 cencedaa
687 837 766 902 hinc
781 837 892 925 aliquo
907 837 951 902 ab
966 857 1024 903 ore
1038 857 1156 932 eorum

280 939 529 1027 aliquantisper.

237 1042 439 1108 Miliarem
461 1041 584 1108 libido:
607 1063 647 1108 ea
668 1040 781 1109 facere
803 1042 960 1130 prehibet
982 1047 1043 1109 tua
1063 1063 1157 1131 prae-

280 1144 399 1210 sentia.

238 1246 292 1312 De
309 1268 364 1312 me
380 1246 470 1314 facio
488 1247 735 1314 cinieeturam:
758 1247 892 1314 nemost
909 1268 1063 1314 meorum
1077 1247 1157 1313 ami-

280 1370 398 1415 corum
414 1349 525 1434 hodie,

237 1452 343 1541 Aprid
365 1473 466 1540 quem
488 1473 685 1540 expromere
707 1452 820 1518 (amnia
838 1473 915 1519 mea
933 1453 1076 1537 ocerilta,
1092 1452 1157 1519 Oh-

280 1555 388 1642 tipho,
405 1555 558 1621 arideam.
1158 1627 1161 1634 ,

238 1657 343 1744 Apud
361 1657 464 1722 alium
481 1657 638 1745 prohibet
652 1656 812 1744 dignitaS,
828 1657 918 1744 apud
935 1657 1040 1722 alium
1054 1658 1158 1745 ipsius
1168 1681 1193 1720 a

280 1759 363 1825 facti
378 1760 495 1848 pudet,

238 1862 293 1928 Ne
310 1862 456 1950 ineptuS,
472 1883 516 1929 ne
537 1862 713 1950 proteruos
731 1862 866 1928 uidear:
890 1860 980 1948 qued
997 1861 1095 1926 illum
1112 1863 1159 1929 fa-

281 1985 356 2029 cere
372 1964 512 2031 credito.

240 2066 306 2132 Sed
328 2067 481 2132 nestrum
503 2071 555 2132 est
576 2066 784 2153 intellegere,
800 2074 839 2131 ut
862 2087 1032 2155 quomque
1055 2071 1159 2155 atque

282 2169 340 2233 ribi
358 2188 529 2257 quomque
544 2188 629 2256 opus
646 2170 690 2233 sit
708 2168 854 2257 Obsequi.

155 2270 223 2337 SY.
241 2271 330 2350 Quid
344 2270 409 2336 iste
424 2273 559 2337 narrat!
595 2270 660 2336 OL.
678 2270 779 2336 Perii.
818 2272 886 2336 SY.
903 2271 1065 2358 Clitipho,
1076 2271 1161 2337 haec

283 2394 348 2462 ego
361 2372 530 2461 praecipic')
548 2373 632 2440 iibii

86 2494 146 2548 580
241 2476 398 2543 Hhminis
414 2476 508 2564 frugi
531 2480 566 2542 et
588 2476 812 2564 temperantis
830 2477 979 2543 finctu’s
1000 2477 1159 2544 officiiim.

283 2579 348 2645 OL.
365 2579 454 2645 Tace
468 2579 576 2645 sodes,

156 2681 224 2748 SY.
240 2681 349 2747 Recte
371 2702 461 2747 sane.
507 2680 573 2747 ΟΕ.
596 2683 690 2769 Syre,
706 2682 813 2770 pudet
834 2702 897 2748 me.
944 2682 1011 2749 SY.
1032 2683 1197 2750 Credota

284 2804 392 2871 neque
408 2784 443 2848 id
458 2784 598 2851 iniriria:
621 2785 704 2872 quin

241 2886 329 2951 Mihi
347 2887 570 2953 molestumst.
616 2888 682 2954 ΟΕ.
701 2888 822 2955 Perdis
844 2887 967 2954 hercle.
1012 2888 1081 2955 SY.
1098 2888 1165 2955 ve·
1259 2938 1262 2943 -

285 3011 362 3054 rum
376 2990 453 3055 dico
468 2988 558 3077 qued
572 2990 717 3056 uidetur.

158 3092 224 3159 OL.
243 3091 323 3158 Nan
349 3093 508 3158 accedam
530 3093 575 3158 ad
595 3092 694 3158 illesi
749 3093 824 3160 CH.
848 3092 923 3159 Eho
946 3113 1080 3180 quaese,
1096 3093 1165 3158 rina

288 3195 474 3261 accedundi
491 3196 549 3261 uia
567 3197 640 3261 esti

160 3298 227 3366 SY.
244 3283 424 3365 hctumst:
447 3298 503 3363 hic
517 3298 611 3385 prius
627 3319 662 3364 se
680 3298 837 3363 indicarit
853 3298 955 3385 quam
970 3319 1034 3386 ego
1049 3318 1166 3387 argen-

287 3406 364 3467 ium
379 3400 532 3467 effecero.

92 3517 149 3570 585
246 3503 417 3585 Chremes,
435 3504 496 3569 uin
521 3507 561 3568 iu
587 3503 718 3569 homini
748 3503 855 3568 stilio
885 3501 934 3567 mi
960 3504 1168 3571 auscultare?

290 3605 364 3672 OH.
385 3605 476 3685 Quid
493 3603 639 3672 faciam?
684 3605 752 3672 SY.
773 3604 857 3671 Iube
875 3604 966 3672 hunc
