2722 4222
192 294 212 354 a
623 292 759 342 aunum
1012 295 1035 345 1.
1052 296 1077 344 1.
1094 295 1194 346 21-48

192 443 256 508 SO.
279 443 374 522 Quor
395 443 534 508 simulas
556 442 684 530 igituri
732 442 783 508 SI.
807 441 896 509 Rem
915 445 1050 510 emnem
1068 465 1090 510 a
1107 445 1195 533 prin-

318 546 406 633 cipio
424 545 559 611 midias:
960 602 961 605 ,

276 648 327 713 Eo
341 648 441 735 pecto
456 653 491 713 et
505 647 603 737 gnati
618 648 727 713 uitam
743 652 777 713 et
792 649 970 714 consiliim
984 670 1098 715 meum

143 765 181 817 50
276 749 473 838 Oognesces,
490 754 525 816 et
540 751 622 838 quid
636 751 747 816 iecere
764 750 932 816 inhaere
949 751 984 817 te
999 752 1112 817 uelim.

276 851 369 918 Nam
383 852 411 918 is
426 852 606 940 pestquam
620 853 763 918 excessit
778 852 822 919 ex
836 852 984 940 ephebis,
1001 854 1105 938 sesia,
1121 860 1157 921 et

275 954 428 1020 Liberius
442 954 580 1020 uiuendi
594 955 662 1020 biit
676 960 828 1042 potestas
843 955 937 1040 (nam
953 957 1053 1022 entea
1204 980 1231 1022 a

278 1057 345 1135 Qui
360 1057 445 1122 scire
460 1078 573 1144 posses
589 1057 648 1122 airt
664 1057 838 1145 ingenium
853 1057 998 1139 miscere,

277 1158 370 1224 Dum
394 1160 486 1225 actes
511 1165 622 1225 metus
646 1160 808 1247 magister
831 1160 1079 1247 prohibebenti
1130 1162 1193 1229 SO.

321 1262 433 1348 Itast.)
1058 1290 1066 1299 ·

144 1363 244 1430 5581.
275 1364 366 1452 quod
380 1363 532 1451 plerique
546 1385 663 1430 omnes
677 1364 808 1429 iniciunt
823 1365 1077 1448 adulescentuli,

277 1467 328 1532 Vt
351 1467 500 1531 enimum
521 1467 566 1532 ad
587 1467 725 1555 aliquod
748 1467 898 1532 stridium
919 1467 1117 1556 adiungam,
1136 1469 1197 1535 adt

321 1589 424 1655 equos

278 1671 382 1736 Alere
407 1672 467 1736 ait
489 1691 588 1737 canes
612 1672 657 1737 ad
678 1670 882 1757 uenandum‚
901 1680 961 1741 aut
987 1675 1031 1740 ad
1054 1674 1231 1763 philosoeo

320 1772 424 1860 phos:

278 1876 414 1941 Horum
428 1876 486 1941 ille
500 1876 549 1940 nii
564 1876 700 1964 egregie
713 1884 850 1963 praeter
865 1878 977 1944 cetera

280 1978 457 2060 Studebat‚
473 1984 509 2044 et
526 1984 642 2044 tamen
660 1978 773 2045 emnia
790 1979 874 2045 haec
891 1979 1114 2047 mediocriter.

144 2097 184 2149 60
280 2080 487 2146 Gaudebam.
533 2080 599 2146 SO.
622 2081 658 2146 N
659 2102 703 2146 on
718 2081 859 2147 iniuria:
883 2102 964 2146 nam
978 2083 1013 2146 id
1030 2083 1176 2149 erbitror

280 2182 447 2269 Adprime
464 2183 499 2247 in
516 2183 591 2248 uita
608 2204 680 2249 esse
698 2184 847 2267 iubilant
864 2185 989 2273 nequid
1007 2185 1117 2251 nimis.

195 2285 246 2351 SI.
279 2285 333 2351 Sic
351 2285 423 2350 uita
440 2290 531 2351 erat:
554 2285 656 2351 facile
674 2285 789 2352 emnes
807 2287 958 2373 perferre
975 2289 1013 2353 ec
1030 2289 1123 2375 pati:
1206 2308 1232 2348 a

279 2389 368 2455 Oum
382 2387 502 2475 quibus
517 2392 590 2453 erat
605 2409 775 2476 quomque
789 2389 867 2471 ima,
884 2389 932 2455 eis
947 2411 1019 2456 sese
1033 2391 1175 2459 dedere:

281 2492 408 2557 Eorum
426 2489 563 2578 ebsequi
581 2490 720 2574 studiis3
742 2492 907 2558 aduorsus
921 2493 1068 2561 nemini:

146 2611 183 2663 65
279 2595 315 2660 N
316 2594 476 2681 umquem
490 2613 703 2682 praeponens
719 2615 754 2660 se
769 2595 853 2662 illis:
876 2596 925 2661 ita
939 2601 979 2662 ut
993 2596 1166 2663 facillume

281 2698 360 2765 Sine
374 2697 503 2763 inuidia
516 2696 653 2764 laudem
668 2698 820 2765 inuenias
835 2705 870 2766 et
885 2701 1009 2767 amices
1024 2723 1131 2789 pares.

195 2803 260 2869 SO.
283 2800 460 2888 Sapienter
473 2800 583 2866 uitam
596 2801 764 2867 instituit:
787 2823 934 2890 namque
947 2803 1012 2869 hoc
1026 2804 1180 2891 tempore
1206 2825 1232 2864 40

280 2903 489 2992 Obsequium
504 2904 639 2988 amicos,
655 2903 782 2970 ueritas
797 2905 913 2970 odium
927 2906 1026 2992 parit.

195 3007 247 3073 SI.
278 3006 416 3073 Interea
429 3007 551 3072 mulier
565 3006 733 3093 quaedam
748 3005 871 3073 abhinc
886 3007 1072 3072 triennium

147 3119 185 3180 '10
280 3110 334 3174 Ex
348 3093 470 3174 lindio
488 3108 725 3195 commigreuit
739 3107 805 3174 huc
819 3107 972 3190 uiciniae,

281 3211 401 3298 Inepia
415 3216 451 3276 et
465 3208 688 3298 cognaterum
702 3209 920 3298 neglegentia

281 3314 416 3396 Ooecta,
433 3313 571 3400 egregia
584 3310 696 3377 ferma
711 3316 815 3399 atque
829 3316 942 3376 aetate
957 3311 1099 3400 integra.
1206 3337 1233 3379 u

196 3417 262 3482 SO.
281 3416 332 3499 Ei,
348 3415 468 3482 uereor
482 3414 608 3503 nequid
622 3397 756 3479 [indria
770 3414 929 3501 adportet
944 3415 1035 3481 mali.

196 3519 248 3585 SI.
280 3519 435 3584 Primum
449 3517 533 3583 haec
550 3516 672 3605 pudice
690 3515 797 3582 uitam
811 3536 913 3604 parce
931 3537 970 3582 ac
985 3517 1115 3585 diriter

149 3628 185 3688 75
281 3620 431 3709 Agebat,
446 3621 526 3686 lana
543 3640 583 3686 ac
600 3618 671 3686 tela
687 3618 816 3686 uictum
834 3618 1046 3707 quaeritans:
