2722 4222
618 290 753 341 aarum.
914 291 970 340 111.
986 291 1014 341 2.
1031 290 1133 342 48-3.
1149 293 1190 344 1⁷

270 441 500 523 Oonuaniam:
530 442 636 508 orabo
660 442 767 530 gnato
792 461 951 508 uxorem:
983 441 1047 527 [id]
1076 441 1106 507 si
1131 441 1191 505 im-

269 551 457 726 Qraataiias
470 647 590 713 malim
604 667 706 734 quam
721 645 821 711 hadie
835 645 897 712 has
912 646 987 712 fieri
1002 645 1155 734 nuptias?

268 750 363 818 Nam
393 751 518 838 gnatus
547 751 638 838 quod
670 748 867 836 pollicitust,
893 749 985 815 haud
1014 748 1223 815 dubiumstu

269 958 305 1024 Si
311 853 417 1041 lagia,
434 956 516 1043 quin
533 977 612 1022 eum
628 955 753 1021 marito
769 954 898 1043 possim
915 953 1043 1042 erigere.

269 1060 386 1146 Atque
411 1059 496 1125 adeo
521 1059 558 1123 in
579 1059 652 1145 ipso
677 1057 831 1145 tempore
857 1078 974 1124 eccum
999 1058 1111 1145 ipsum
1133 1057 1188 1124 ab

309 1183 411 1228 uiam.

495 1350 608 1413 SIMO.
652 1343 869 1411 CHREMES.

183 1467 235 1540 s1.
266 1466 378 1533 Iubea'
392 1466 619 1532 Chremetem.
640 1515 646 1529 .
668 1515 674 1529 .
723 1463 797 1529 OH.
818 1463 848 1528 Ο
866 1467 902 1530 te
923 1462 1033 1550 ipsum
1050 1477 1214 1551 quaere-3

310 1570 397 1635 bam.
444 1568 495 1634 SI.
515 1554 561 1632 Et
578 1587 642 1654 ego
660 1573 704 1633 te.
750 1565 825 1632 OH.
845 1565 976 1653 Optato
994 1566 1140 1633 aduenis.

266 1671 409 1759 Aliquat
426 1691 481 1737 me
501 1671 667 1754 adierunt,
684 1669 726 1736 ax
747 1674 783 1736 te
804 1668 960 1736 auditum
978 1669 1036 1759 qui
1057 1669 1183 1755 aibant,

309 1774 410 1840 hodie
426 1773 536 1838 filiam

113 1881 170 1934 535
266 1876 382 1943 Meam
403 1876 530 1942 nabere
548 1881 610 1941 tuo
626 1876 751 1962 gnato:
774 1874 810 1940 id
831 1875 905 1942 uiso
925 1875 990 1940 tim
1010 1896 1055 1942 an
1071 1875 1186 1940 1111111-

172 2034 176 2041 .
308 1979 451 2044 saniant.
1249 1983 1252 1989 '

182 2081 234 2148 SI.
265 2082 432 2147 Ausoalta
448 2081 580 2167 paucis:
600 2080 634 2145 at
649 2080 731 2168 quid
745 2084 780 2146 te
795 2100 860 2168 ego
873 2080 978 2147 uelim
993 2079 1027 2147 at
1042 2084 1081 2145 tu
1092 2080 1184 2168 quod

309 2182 441 2272 quaeris
456 2183 549 2248 scies.

181 2286 256 2354 OH.
267 2286 452 2352 Ausealtoz
473 2285 611 2372 loquere
625 2285 706 2372 quid
720 2285 813 2351 uelis,

182 2390 234 2457 SI.
265 2387 382 2455 Perta
398 2387 479 2454 deos
496 2392 606 2453 eruet
621 2387 774 2454 nastrum
787 2387 981 2473 amicitiam,
994 2388 1164 2473 Chremes

267 2491 363 2571 Quae
373 2489 509 2578 incepta
523 2510 545 2556 a
558 2490 672 2578 paruis
687 2512 764 2557 cum
780 2490 892 2558 aetate
906 2491 1057 2558 adcreuit
1071 2491 1181 2575 simul,

112 2608 171 2663 540
266 2594 401 2682 Perque
414 2593 550 2659 anisam
564 2594 704 2682 gnatam
718 2597 815 2659 tuam
829 2600 864 2658 et
878 2593 1023 2682 gnatum
1037 2615 1160 2678 meum,

267 2697 396 2776 Quoius
413 2695 477 2762 tibi
493 2699 647 2782 potestas
664 2695 796 2761 samma
813 2695 970 2761 seruandi
987 2696 1097 2780 datur,

265 2801 318 2868 Vt
332 2820 388 2866 me
403 2798 541 2864 adiuues
554 2798 591 2862 in
605 2793 668 2864 hae
682 2818 729 2881 re,
741 2801 844 2885 atque
858 2798 907 2863 ita
921 2798 973 2864 uti
987 2799 1125 2887 nuptiae
1190 2823 1217 2864 10

266 2903 414 2969 Fuerant
429 2900 575 2984 futurae,
587 2900 686 2967 fiant.
729 2900 804 2968 OH.
820 2900 888 2985 Ah,
901 2921 945 2967 ne
958 2921 1014 2968 me
1028 2901 1182 2968 abseera:

266 3004 371 3084 Quasi
386 3002 450 3069 hae
464 3007 500 3069 te
514 3003 643 3069 orando
658 3022 679 3068 a
692 3023 748 3068 me
762 3002 945 3090 impetrare
959 3001 1124 3091 operteat.

267 3108 386 3174 Alium
412 3106 484 3173 asse
509 3126 624 3172 censes
650 3106 740 3171 nanc
765 3126 821 3171 me
846 3112 948 3193 atque
974 3105 1056 3172 olim
1080 3106 1183 3194 quam

308 3210 452 3277 dabam?

267 3313 303 3380 Si
320 3313 357 3377 in
373 3312 479 3379 ramst
496 3311 631 3399 utrique
648 3316 688 3376 ut
704 3311 803 3395 fiant,
819 3311 942 3378 accersi
960 3312 1047 3379 iube.

267 3416 334 3483 Sed
352 3416 380 3483 si
399 3416 441 3482 ax
458 3435 499 3481 ea
515 3435 553 3480 re
570 3413 645 3502 plus
662 3415 776 3480 malist
794 3435 897 3502 quam
915 3415 1084 3481 cammodi
1190 3437 1218 3480 rs

264 3518 422 3606 Vtrique,
438 3517 474 3582 id
491 3537 551 3583 oro
569 3521 604 3583 te
618 3515 654 3580 in
672 3536 851 3582 commune
868 3521 907 3582 ut
924 3516 1085 3601 causulas,

267 3621 371 3700 Quasi
387 3620 446 3685 illa
463 3623 525 3685 tua
541 3618 586 3685 sit
604 3618 840 3708 Pamphilique
858 3640 922 3707 ego
940 3619 1004 3686 sim
1021 3624 1127 3708 pater.
