2722 4222
153 281 194 342 gg
437 275 595 325 nnrrrou
619 275 861 326 rinonvnnuos
936 277 993 327 111.
1009 279 1037 328 1.
1053 277 1152 329 raas

239 427 355 512 [Quod
385 427 529 516 quoique
562 448 706 515 cumque
738 427 894 494 inciderit
926 428 962 492 in
992 427 1189 512 mentimur

280 531 373 597 uolet

85 640 141 694 485
237 634 358 721 Neque
374 582 410 698 id
426 633 563 720 putabit
580 635 722 721 prauom
739 654 784 699 an
801 640 932 700 rectum
947 635 1009 702 sit:
1032 637 1151 723 petet]

238 737 290 803 Tu
305 736 378 802 re'm
392 736 501 823 perire
516 742 551 802 et
565 736 675 823 ipsum
690 757 759 801 non
773 737 900 823 poteris
914 738 997 824 pati.

239 839 331 906 Dare
345 839 541 927 denegaris:
563 838 626 904 ibit
642 839 685 904 ad
700 839 785 904 illud
798 840 885 922 ilico,

238 943 314 1020 Quo
329 943 486 1007 maxume
501 942 592 1029 apud
606 946 642 1008 te
657 941 692 1008 se
706 943 820 1008 ualere
835 942 977 1009 sentiet:

237 1045 423 1110 Abiturum
439 1066 474 1110 se
489 1045 550 1110 abs
567 1049 603 1111 te
618 1065 689 1110 esse
703 1044 779 1110 ilico
794 1045 986 1111 minabitur.
1163 1063 1190 1103 ιο

85 1148 143 1203 490
153 1147 230 1214 ME.
238 1146 366 1214 Videre
380 1168 461 1213 uera
475 1151 579 1235 atquo
596 1145 646 1212 ita
660 1146 711 1212 uti
728 1168 782 1214 res
796 1153 848 1213 est
863 1147 982 1213 dicere.

153 1250 228 1317 OH.
240 1251 404 1316 Somnum
428 1249 541 1316 hercle
563 1270 628 1338 ego
652 1249 716 1317 hac
741 1255 841 1316 nocte
866 1249 970 1315 oculis
995 1271 1064 1317 non
1085 1250 1156 1316 uidi

280 1375 364 1419 mers

239 1456 332 1522 Dum
354 1405 389 1521 id
411 1454 545 1544 quaem,
561 1455 625 1521 tibi
647 1457 705 1542 qui
727 1455 838 1521 filium
860 1455 1082 1523 restituerem.

54 1610 57 1617 .
153 1559 232 1626 ΜΕ.
245 1560 338 1626 Oedo
364 1559 538 1625 dextram:
571 1579 672 1646 porro
700 1558 737 1623 te
766 1558 856 1624 idem
885 1579 946 1624 oro
975 1564 1013 1624 ut
1039 1559 1154 1643 iacias,

282 1662 452 1728 Chremes,

153 1764 384 1831 OH.Pardtus
411 1785 494 1829 sum.
553 1763 631 1829 ME.
657 1763 736 1829 Scin
761 1763 842 1851 quid
867 1785 957 1829 nunc
982 1764 1095 1831 facere
1120 1763 1190 1830 teu

237 1880 239 1884 >
369 1867 380 1916 r

84 1979 141 2034 495
153 1969 228 2036 OH.
238 1869 434 2035 DiirOlOiidE.
452 1967 549 2047 Quod
564 1967 697 2034 sensisti
712 1967 764 2032 ill
750 1989 786 2033 os
800 1990 855 2034 me
871 1969 1017 2056 incipere
1026 1969 1075 2034 fal
1076 1969 1154 2053 lere,

238 2073 281 2138 Id
295 2072 333 2137 ut
347 2076 559 2136 maturent
536 2070 665 2137 iacere:
688 2071 787 2158 cupio
802 2071 851 2136 illi
866 2072 947 2138 dare

238 2174 339 2253 Quod
353 2173 424 2238 uolt
426 2173 543 2261 ‚cupio
559 2194 668 2261 ipsum
680 2174 747 2238 ram
757 2172 881 2240 uidere.
920 2174 994 2240 oH.
1008 2174 1155 2261 Opertm

279 2276 378 2341 dabo,

237 2379 384 2444 Pauhim
398 2379 517 2466 negoti
531 2400 578 2444 nn
570 2378 706 2444 'obstat
691 2382 725 2444 t:
749 2378 861 2443 Simus
877 2377 911 2443 et
927 2378 1023 2444 Orito

236 2481 350 2547 Vicini
367 2481 476 2548 nostri
491 2482 570 2547 hinc
588 2481 766 2568 ambigunt
781 2481 823 2546 de
838 2480 983 2547 finibus:
1161 2499 1188 2538 ⁹⁰

237 2585 294 2651 Me
312 2584 430 2672 cepere
447 2585 633 2650 arbitrum:
655 2583 711 2649 ibo
729 2585 796 2668 [ac]
814 2583 935 2666 dicam,
947 2588 987 2648 ut
1002 2583 1155 2649 dixeram

238 2687 385 2776 Operam
400 2689 561 2753 daturum
574 2707 639 2769 me,
652 2686 750 2751 hodie
766 2707 834 2751 non
849 2706 945 2773 posse
961 2687 1008 2751 eis
1023 2687 1113 2752 dare.

237 2791 407 2858 Continuo
424 2791 480 2856 hic
499 2789 628 2856 adeum.
675 2789 753 2855 ME.
773 2789 829 2855 Ita
847 2789 980 2878 quaeso,
992 2790 1082 2854 —di
1099 2811 1156 2856 uo

279 2894 384 2959 stram
399 2894 520 2959 fidem!

236 2995 292 3061 Ita
305 2995 524 3082 conparatum
541 3015 614 3061 osse
628 2993 804 3059 hominum
821 2999 979 3060 naturam
993 2993 1153 3079 omnium,

236 3098 362 3164 Aliena
376 3103 415 3163 ut
430 3098 550 3164 melius
564 3096 703 3163 uideant
718 3102 754 3163 et
769 3096 954 3162 diiridicent
1162 3121 1189 3162 oc

237 3201 349 3278 Quam
364 3201 443 3266 siai
461 3221 506 3266 an
521 3221 561 3266 eo
572 3201 624 3280 fit,
634 3198 713 3286 quia
724 3220 760 3264 re
775 3199 811 3263 in
825 3203 944 3264 nostra
954 3203 1014 3263 aut
1029 3199 1154 3286 gaudio

236 3304 357 3370 Sumus
371 3302 562 3391 praepediti
577 3301 681 3368 nimio
697 3306 755 3367 aut
770 3301 1003 3388 aegritudine?

235 3405 303 3471 Hic
324 3406 408 3470 mihi
430 3427 520 3473 nuno
541 3409 669 3492 quanto
691 3403 767 3490 plris
789 3401 878 3489 sapit
896 3423 999 3489 quam
1017 3402 1154 3490 egomet

277 3509 379 3574 mihi!

149 3610 224 3678 OH.
235 3610 382 3677 Dissolui
397 3632 462 3695 me,
474 3610 601 3677 otiosus
616 3629 755 3697 operam
770 3614 809 3675 ut
823 3607 887 3674 tibi
902 3607 1029 3681 darem.
