2722 4222
148 279 192 340 44
583 276 719 328 ANDRIA.
879 278 931 328 1v.
947 279 975 328 3.
991 278 1093 329 19-4.
1109 280 1150 328 14

148 426 231 493 MY.
242 427 366 552 Nescio
383 427 465 515 quid
482 448 607 494 narres.
659 427 737 494 DA.
761 413 836 516 Ego
854 449 988 516 quoque
1010 428 1151 493 hincab

80 639 137 699 '135
233 530 430 699 Velriiigeffle
444 633 671 700 adsimulabo:
693 638 732 699 tu
746 639 786 699 ut
800 633 991 700 subsemias

233 734 398 819 Orationi,
414 740 453 801 ut
471 735 640 825 quomque
657 757 742 824 opus
760 735 814 819 sit,
830 735 942 802 uerbis
959 736 1046 802 uide.

148 835 231 902 MY.
241 836 317 925 Ego
331 837 413 925 quid
427 858 511 926 agas
525 837 575 902 nil
589 838 771 926 intellego:
793 837 852 904 sed
866 837 976 926 siquid
992 844 1053 922 est,

234 939 333 1019 Quod
348 940 424 1007 mea
438 961 542 1028 opera
555 961 640 1028 opus
655 940 699 1005 sit
713 939 819 1024 uobis,
831 945 870 1006 ut
884 945 924 1006 tu
933 940 1013 1029 ,plus
1028 941 1132 1025 uides,

232 1041 391 1127 ManebO,
403 1043 538 1130 nequod
553 1041 706 1109 uostrum
720 1063 869 1109 remorer
883 1042 1105 1109 commodum.

345 1333 564 1396 CHREMES.
606 1332 745 1395 MYSIS.
788 1332 949 1395 DAVOS.

80 1455 137 1515 740
147 1448 222 1515 cH.
232 1446 411 1531 Reuertor
426 1453 607 1535 postquam
625 1466 712 1534 quae
729 1446 813 1534 opus
830 1447 926 1513 fuere
943 1446 987 1512 ad
1005 1446 1140 1534 nuptias
1157 1446 1183 1514 4

233 1549 368 1617 Gnatae
383 1551 511 1637 paraui,
521 1555 560 1616 ut
575 1549 709 1615 iubeam
723 1548 858 1614 accersi.
899 1549 958 1615 sed
969 1550 1051 1637 quid
1065 1550 1149 1616 hoct

233 1652 324 1718 Puer
359 1651 513 1717 herclest.
578 1650 709 1734 mulier,
743 1655 782 1716 tu
825 1651 987 1739 adposisti
1031 1652 1148 1718 hunct

275 1738 647 1820 mmmm

147 1856 314 1924 emron
331 1856 415 1922 mihi
436 1856 636 1943 respoudest
683 1855 765 1922 MY.
785 1856 963 1944 Nusquam
980 1861 1041 1922 est.
1084 1877 1150 1923 uae

273 1959 417 2026 miserae
434 1959 527 2042 mihi,

232 2062 385 2151 Reliquit
399 2082 454 2127 me
469 2062 571 2128 homo
588 2065 691 2149 atque
706 2060 798 2126 abiit.
843 2059 922 2126 DA.
939 2060 985 2126 Di
1000 2063 1171 2127 uostrams
1200 2105 1203 2110 .

275 2165 389 2248 fidem,

79 2276 136 2336 '145
233 2270 324 2348 Quid
345 2269 498 2334 turbaest
519 2267 611 2355 apud
633 2266 768 2332 10111111
797 2266 879 2354 quid
900 2266 951 2331 1111
972 2266 1149 2332 hominum

273 2372 432 2460 litigantt

232 2475 321 2540 Tum
335 2473 471 2541 annona
484 2477 604 2540 carast.
649 2471 730 2560 quid
745 2472 856 2538 dicam
870 2471 963 2538 aliud
977 2471 1099 2538 nescio.

146 2574 229 2644 MY.
241 2577 336 2657 Quor
352 2581 392 2643 tu
413 2576 551 2642 obsecro
568 2576 624 2642 hic
644 2596 700 2641 me
722 2574 897 2640 sclam-t
947 2573 1026 2639 DA.
1045 2574 1147 2658 Hem,

274 2701 361 2768 quae
377 2680 461 2746 haec
479 2683 531 2745 est
549 2678 685 2744 fabulat

231 2783 307 2850 Eho
322 2782 440 2870 Mysis,
452 2803 538 2870 puer
550 2780 606 2847 hic
620 2780 765 2847 undesti
787 2780 904 2868 quisue
918 2779 984 2845 huc
999 2779 1136 2846 attuliti

146 2885 228 2952 MY.
241 2887 338 2953 Satin
352 2886 472 2969 sanu’s,
485 2884 543 2974 qui
556 2905 611 2951 me
625 2884 662 2949 id
676 2882 822 2971 rogitest
863 2882 941 2948 DA.
959 2882 1069 2962 Quem
1083 2899 1181 2970 egou

275 2989 380 3078 igitur
394 3009 522 3076 rogem,

79 3093 137 3152 750
233 3093 299 3172 Qui
321 3092 376 3158 hic
400 3091 572 3158 neminem
597 3089 702 3155 alium
723 3088 878 3155 uideam?
931 3088 1006 3155 OH.
1029 3087 1146 3171 Miror,

273 3195 363 3261 unde
381 3195 434 3260 sit.

146 3298 224 3364 DA.
235 3297 379 3364 Dictura
394 3318 429 3363 es
443 3297 534 3385 quod
549 3296 654 3384 rogot
693 3293 855 3359 MY.A1'1.
897 3293 975 3358 DA.
992 3293 1148 3360 Concede

273 3400 317 3466 ad
332 3399 516 3466 dexteram.

145 3503 185 3570 M
190 3503 229 3570 Y.
240 3502 394 3569 Deliras:
416 3523 487 3568 non
500 3506 575 3567 tute
589 3499 680 3588 ipset
724 3498 802 3564 DA.
815 3498 971 3565 Verbum
986 3496 1013 3562 si
1028 3496 1113 3562 mihi

231 3604 349 3672 Vmim
363 3609 499 3692 praeter
513 3623 615 3692 quam
629 3601 718 3691 quod
732 3606 768 3669 tc
782 3622 886 3689 rogo.
900 3651 908 3666 .
920 3599 1009 3667 faxis
1024 3620 1114 3667 caue.
