<?xml version="1.0" encoding="UTF-8"?>
<!DOCTYPE html PUBLIC "-//W3C//DTD XHTML 1.0 Transitional//EN"
    "http://www.w3.org/TR/xhtml1/DTD/xhtml1-transitional.dtd">
<html xmlns="http://www.w3.org/1999/xhtml" xml:lang="en" lang="en">
 <head>
  <title>
</title>
<meta http-equiv="Content-Type" content="text/html;charset=utf-8" />
  <meta name='ocr-system' content='tesseract 3.04.00' />
  <meta name='ocr-capabilities' content='ocr_page ocr_carea ocr_par ocr_line ocrx_word'/>
</head>
<body>
  <div class='ocr_page' id='page_1' title='image "./pterentiafriand00teregoog/pterentiafriand00teregoog_0070.png"; bbox 0 0 2722 4222; ppageno 0'>
   <div class='ocr_carea' id='block_1_1' title="bbox 168 294 1171 358">
    <p class='ocr_par' dir='ltr' id='par_1_1' title="bbox 168 294 1171 358">
     <span class='ocr_line' id='line_1_1' title="bbox 168 294 1171 358; baseline -0.002 -13"><span class='ocrx_word' id='word_1_1' title='bbox 168 295 208 345; x_wconf 89' lang='lat'>11.</span> <span class='ocrx_word' id='word_1_2' title='bbox 224 295 250 345; x_wconf 90' lang='lat'>1.</span> <span class='ocrx_word' id='word_1_3' title='bbox 266 295 364 347; x_wconf 79' lang='lat'>13-28</span> <span class='ocrx_word' id='word_1_4' title='bbox 601 294 736 345; x_wconf 68' lang='lat' dir='ltr'>nunant</span> <span class='ocrx_word' id='word_1_5' title='bbox 1132 297 1171 358; x_wconf 86' lang='lat'>19</span> 
     </span>
    </p>
   </div>
   <div class='ocr_carea' id='block_1_2' title="bbox 98 445 1208 3714">
    <p class='ocr_par' dir='ltr' id='par_1_2' title="bbox 98 445 1208 3714">
     <span class='ocr_line' id='line_1_2' title="bbox 253 445 1173 534; baseline -0.001 -22"><span class='ocrx_word' id='word_1_6' title='bbox 253 445 364 512; x_wconf 80' lang='lat' dir='ltr'>Credo</span> <span class='ocrx_word' id='word_1_7' title='bbox 385 445 585 533; x_wconf 78' lang='lat' dir='ltr'>impetrabo,</span> <span class='ocrx_word' id='word_1_8' title='bbox 601 450 640 511; x_wconf 90' lang='lat' dir='ltr'>ut</span> <span class='ocrx_word' id='word_1_9' title='bbox 659 446 787 533; x_wconf 70' lang='lat' dir='ltr'>dliquot</span> <span class='ocrx_word' id='word_1_10' title='bbox 809 446 932 511; x_wconf 78' lang='lat' dir='ltr'>saltem</span> <span class='ocrx_word' id='word_1_11' title='bbox 954 446 1082 534; x_wconf 87' lang='lat' dir='ltr'>miptiis</span> <span class='ocrx_word' id='word_1_12' title='bbox 1099 466 1173 532; x_wconf 81' lang='lat' dir='ltr'>pro</span> 
     </span>
     <span class='ocr_line' id='line_1_3' title="bbox 210 549 463 616; baseline 0.008 -3"><span class='ocrx_word' id='word_1_13' title='bbox 210 595 212 598; x_wconf 49' lang='lat'>&lt;</span> <span class='ocrx_word' id='word_1_14' title='bbox 296 549 355 616; x_wconf 72' lang='lat' dir='ltr'>det</span> <span class='ocrx_word' id='word_1_15' title='bbox 373 549 463 616; x_wconf 87' lang='lat' dir='ltr'>dies:</span> 
     </span>
     <span class='ocr_line' id='line_1_4' title="bbox 254 651 1174 740; baseline -0.002 -23"><span class='ocrx_word' id='word_1_16' title='bbox 254 652 391 719; x_wconf 71' lang='lat' dir='ltr'>Interea</span> <span class='ocrx_word' id='word_1_17' title='bbox 408 653 469 718; x_wconf 86' lang='lat' dir='ltr'>fiet</span> <span class='ocrx_word' id='word_1_18' title='bbox 487 653 622 740; x_wconf 75' lang='lat' dir='ltr'>dliquid,</span> <span class='ocrx_word' id='word_1_19' title='bbox 639 673 745 740; x_wconf 87' lang='lat' dir='ltr'>spero.</span> <span class='ocrx_word' id='word_1_20' title='bbox 792 653 866 718; x_wconf 90' lang='lat' dir='ltr'>BY.</span> <span class='ocrx_word' id='word_1_21' title='bbox 886 652 928 716; x_wconf 90' lang='lat' dir='ltr'>Id</span> <span class='ocrx_word' id='word_1_22' title='bbox 947 652 1107 739; x_wconf 77' lang='lat' dir='ltr'>‘dliquid&#39;</span> <span class='ocrx_word' id='word_1_23' title='bbox 1124 651 1174 715; x_wconf 91' lang='lat' dir='ltr'>nil</span> 
     </span>
     <span class='ocr_line' id='line_1_5' title="bbox 297 755 631 842; baseline 0.003 -22"><span class='ocrx_word' id='word_1_24' title='bbox 297 759 357 821; x_wconf 90' lang='lat' dir='ltr'>est.</span> <span class='ocrx_word' id='word_1_25' title='bbox 403 755 478 822; x_wconf 85' lang='lat' dir='ltr'>OH.</span> <span class='ocrx_word' id='word_1_26' title='bbox 498 756 631 842; x_wconf 70' lang='lat' dir='ltr'>Byrria,</span> 
     </span>
     <span class='ocr_line' id='line_1_6' title="bbox 101 855 1208 937; baseline -0.002 -19"><span class='ocrx_word' id='word_1_27' title='bbox 101 867 157 918; x_wconf 86' lang='lat'>315</span> <span class='ocrx_word' id='word_1_28' title='bbox 255 857 345 937; x_wconf 83' lang='lat' dir='ltr'>Quid</span> <span class='ocrx_word' id='word_1_29' title='bbox 362 857 426 923; x_wconf 90' lang='lat' dir='ltr'>tibi</span> <span class='ocrx_word' id='word_1_30' title='bbox 448 857 604 924; x_wconf 75' lang='lat' dir='ltr'>uideturt</span> <span class='ocrx_word' id='word_1_31' title='bbox 649 859 758 924; x_wconf 73' lang='lat' dir='ltr'>tdeon</span> <span class='ocrx_word' id='word_1_32' title='bbox 780 858 823 923; x_wconf 81' lang='lat' dir='ltr'>ud</span> <span class='ocrx_word' id='word_1_33' title='bbox 846 858 944 923; x_wconf 74' lang='lat' dir='ltr'>eumi</span> <span class='ocrx_word' id='word_1_34' title='bbox 988 857 1063 923; x_wconf 89' lang='lat' dir='ltr'>BY.</span> <span class='ocrx_word' id='word_1_35' title='bbox 1083 855 1173 935; x_wconf 81' lang='lat' dir='ltr'>Quid</span> <span class='ocrx_word' id='word_1_36' title='bbox 1182 876 1208 916; x_wconf 74' lang='lat'>15</span> 
     </span>
     <span class='ocr_line' id='line_1_7' title="bbox 296 959 658 1048; baseline 0.003 -23"><span class='ocrx_word' id='word_1_37' title='bbox 296 960 353 1025; x_wconf 72' lang='lat' dir='ltr'>nii</span> <span class='ocrx_word' id='word_1_38' title='bbox 376 961 405 1025; x_wconf 91' lang='lat' dir='ltr'>si</span> <span class='ocrx_word' id='word_1_39' title='bbox 422 959 471 1024; x_wconf 89' lang='lat' dir='ltr'>nil</span> <span class='ocrx_word' id='word_1_40' title='bbox 488 960 658 1048; x_wconf 71' lang='lat' dir='ltr'>impetres</span> 
     </span>
     <span class='ocr_line' id='line_1_8' title="bbox 254 1061 1174 1150; baseline -0.003 -21"><span class='ocrx_word' id='word_1_41' title='bbox 254 1062 306 1129; x_wconf 88' lang='lat' dir='ltr'>Vt</span> <span class='ocrx_word' id='word_1_42' title='bbox 323 1067 360 1128; x_wconf 86' lang='lat' dir='ltr'>te</span> <span class='ocrx_word' id='word_1_43' title='bbox 377 1063 561 1128; x_wconf 75' lang='lat' dir='ltr'>trbitretur</span> <span class='ocrx_word' id='word_1_44' title='bbox 578 1063 641 1129; x_wconf 84' lang='lat' dir='ltr'>sibi</span> <span class='ocrx_word' id='word_1_45' title='bbox 656 1067 816 1150; x_wconf 82' lang='lat' dir='ltr'>paratum</span> <span class='ocrx_word' id='word_1_46' title='bbox 830 1061 1017 1144; x_wconf 77' lang='lat' dir='ltr'>moechum,</span> <span class='ocrx_word' id='word_1_47' title='bbox 1034 1062 1061 1126; x_wconf 89' lang='lat' dir='ltr'>si</span> <span class='ocrx_word' id='word_1_48' title='bbox 1080 1061 1174 1126; x_wconf 81' lang='lat' dir='ltr'>illam</span> 
     </span>
     <span class='ocr_line' id='line_1_9' title="bbox 297 1162 441 1229; baseline 0.021 -3"><span class='ocrx_word' id='word_1_49' title='bbox 297 1162 441 1229; x_wconf 77' lang='lat' dir='ltr'>dixerit.</span> 
     </span>
     <span class='ocr_line' id='line_1_10' title="bbox 168 1249 1172 1353; baseline -0.001 -23"><span class='ocrx_word' id='word_1_50' title='bbox 168 1264 243 1331; x_wconf 84' lang='lat' dir='ltr'>GH.</span> <span class='ocrx_word' id='word_1_51' title='bbox 256 1249 351 1331; x_wconf 68' lang='lat' dir='ltr'>ibin</span> <span class='ocrx_word' id='word_1_52' title='bbox 372 1265 452 1331; x_wconf 88' lang='lat' dir='ltr'>hino</span> <span class='ocrx_word' id='word_1_53' title='bbox 474 1267 510 1331; x_wconf 89' lang='lat' dir='ltr'>in</span> <span class='ocrx_word' id='word_1_54' title='bbox 531 1267 658 1332; x_wconf 75' lang='lat' dir='ltr'>malim</span> <span class='ocrx_word' id='word_1_55' title='bbox 679 1288 752 1331; x_wconf 90' lang='lat' dir='ltr'>rem</span> <span class='ocrx_word' id='word_1_56' title='bbox 774 1287 852 1332; x_wconf 91' lang='lat' dir='ltr'>oum</span> <span class='ocrx_word' id='word_1_57' title='bbox 874 1265 1060 1353; x_wconf 84' lang='lat' dir='ltr'>suspicione</span> <span class='ocrx_word' id='word_1_58' title='bbox 1079 1265 1172 1349; x_wconf 71' lang='lat' dir='ltr'>istie,</span> 
     </span>
     <span class='ocr_line' id='line_1_11' title="bbox 296 1368 425 1434; baseline 0.008 -1"><span class='ocrx_word' id='word_1_59' title='bbox 296 1368 425 1434; x_wconf 73' lang='lat' dir='ltr'>scelusi</span> 
     </span>
     <span class='ocr_line' id='line_1_12' title="bbox 168 1469 1175 1553; baseline -0.001 -18"><span class='ocrx_word' id='word_1_60' title='bbox 168 1469 242 1536; x_wconf 84' lang='grc' dir='ltr'>ΡΑ.</span> <span class='ocrx_word' id='word_1_61' title='bbox 260 1470 448 1536; x_wconf 79' lang='lat' dir='ltr'>Charinum</span> <span class='ocrx_word' id='word_1_62' title='bbox 473 1472 583 1538; x_wconf 90' lang='lat' dir='ltr'>uideo.</span> <span class='ocrx_word' id='word_1_63' title='bbox 638 1471 738 1537; x_wconf 72' lang='lat' dir='ltr'>silue.</span> <span class='ocrx_word' id='word_1_64' title='bbox 795 1470 869 1536; x_wconf 85' lang='lat' dir='ltr'>OH.</span> <span class='ocrx_word' id='word_1_65' title='bbox 895 1471 925 1535; x_wconf 89' lang='grc' dir='ltr'>Ο</span> <span class='ocrx_word' id='word_1_66' title='bbox 952 1470 1053 1553; x_wconf 80' lang='lat' dir='ltr'>salue,</span> <span class='ocrx_word' id='word_1_67' title='bbox 1077 1469 1175 1535; x_wconf 75' lang='lat' dir='ltr'>Pim-</span> 
     </span>
     <span class='ocr_line' id='line_1_13' title="bbox 296 1572 406 1658; baseline 0.018 -22"><span class='ocrx_word' id='word_1_68' title='bbox 296 1572 406 1658; x_wconf 89' lang='lat' dir='ltr'>phile:</span> 
     </span>
     <span class='ocr_line' id='line_1_14' title="bbox 253 1657 1174 1764; baseline 0.003 -26"><span class='ocrx_word' id='word_1_69' title='bbox 253 1657 311 1739; x_wconf 68' lang='lat' dir='ltr'>id</span> <span class='ocrx_word' id='word_1_70' title='bbox 326 1681 362 1741; x_wconf 88' lang='lat' dir='ltr'>te</span> <span class='ocrx_word' id='word_1_71' title='bbox 380 1676 524 1743; x_wconf 82' lang='lat' dir='ltr'>aduenio</span> <span class='ocrx_word' id='word_1_72' title='bbox 542 1677 637 1764; x_wconf 74' lang='lat' dir='ltr'>spem</span> <span class='ocrx_word' id='word_1_73' title='bbox 656 1676 801 1742; x_wconf 83' lang='lat' dir='ltr'>sulutem</span> <span class='ocrx_word' id='word_1_74' title='bbox 819 1676 992 1741; x_wconf 82' lang='lat' dir='ltr'>consilium</span> <span class='ocrx_word' id='word_1_75' title='bbox 1012 1676 1174 1741; x_wconf 82' lang='lat' dir='ltr'>auxilium</span> 
     </span>
     <span class='ocr_line' id='line_1_15' title="bbox 297 1767 780 1866; baseline 0.008 -23"><span class='ocrx_word' id='word_1_76' title='bbox 297 1777 468 1866; x_wconf 73' lang='lat' dir='ltr'>expetens.</span> <span class='ocrx_word' id='word_1_77' title='bbox 776 1767 780 1774; x_wconf 45' lang='lat'>⁵</span> 
     </span>
     <span class='ocr_line' id='line_1_16' title="bbox 100 1879 1208 1968; baseline -0.001 -25"><span class='ocrx_word' id='word_1_78' title='bbox 100 1879 242 1945; x_wconf 75' lang='lat' dir='ltr'>seoPA.</span> <span class='ocrx_word' id='word_1_79' title='bbox 259 1879 379 1968; x_wconf 73' lang='lat' dir='ltr'>Neque</span> <span class='ocrx_word' id='word_1_80' title='bbox 401 1882 459 1968; x_wconf 92' lang='lat' dir='ltr'>pol</span> <span class='ocrx_word' id='word_1_81' title='bbox 480 1881 598 1947; x_wconf 83' lang='lat' dir='ltr'>consili</span> <span class='ocrx_word' id='word_1_82' title='bbox 619 1881 731 1946; x_wconf 90' lang='lat' dir='ltr'>locum</span> <span class='ocrx_word' id='word_1_83' title='bbox 755 1881 864 1947; x_wconf 78' lang='lat' dir='ltr'>habeo</span> <span class='ocrx_word' id='word_1_84' title='bbox 887 1881 995 1968; x_wconf 71' lang='lat' dir='ltr'>neque</span> <span class='ocrx_word' id='word_1_85' title='bbox 1017 1881 1061 1947; x_wconf 83' lang='lat' dir='ltr'>ad</span> <span class='ocrx_word' id='word_1_86' title='bbox 1083 1882 1208 1947; x_wconf 77' lang='lat' dir='ltr'>auxi-20</span> 
     </span>
     <span class='ocr_line' id='line_1_17' title="bbox 296 1982 540 2071; baseline 0.016 -25"><span class='ocrx_word' id='word_1_87' title='bbox 296 1982 382 2047; x_wconf 91' lang='lat' dir='ltr'>lium</span> <span class='ocrx_word' id='word_1_88' title='bbox 399 1982 540 2071; x_wconf 78' lang='lat' dir='ltr'>copiam.</span> 
     </span>
     <span class='ocr_line' id='line_1_18' title="bbox 254 2085 1173 2174; baseline 0 -23"><span class='ocrx_word' id='word_1_89' title='bbox 254 2085 321 2151; x_wconf 76' lang='lat' dir='ltr'>sed</span> <span class='ocrx_word' id='word_1_90' title='bbox 352 2087 439 2152; x_wconf 88' lang='lat' dir='ltr'>istuo</span> <span class='ocrx_word' id='word_1_91' title='bbox 471 2087 553 2174; x_wconf 89' lang='lat' dir='ltr'>quid</span> <span class='ocrx_word' id='word_1_92' title='bbox 584 2088 717 2153; x_wconf 72' lang='lat' dir='ltr'>namsti</span> <span class='ocrx_word' id='word_1_93' title='bbox 780 2085 855 2152; x_wconf 81' lang='lat' dir='ltr'>CH.</span> <span class='ocrx_word' id='word_1_94' title='bbox 889 2085 1000 2151; x_wconf 79' lang='lat' dir='ltr'>Hodie</span> <span class='ocrx_word' id='word_1_95' title='bbox 1032 2106 1173 2152; x_wconf 82' lang='lat' dir='ltr'>uxorem</span> 
     </span>
     <span class='ocr_line' id='line_1_19' title="bbox 296 2188 999 2275; baseline 0 -23"><span class='ocrx_word' id='word_1_96' title='bbox 296 2188 411 2254; x_wconf 76' lang='lat' dir='ltr'>dricisi</span> <span class='ocrx_word' id='word_1_97' title='bbox 455 2188 529 2254; x_wconf 85' lang='lat' dir='ltr'>PA.</span> <span class='ocrx_word' id='word_1_98' title='bbox 549 2189 670 2255; x_wconf 81' lang='lat' dir='ltr'>Aiunt.</span> <span class='ocrx_word' id='word_1_99' title='bbox 716 2189 790 2255; x_wconf 83' lang='grc' dir='ltr'>ΟΗ.</span> <span class='ocrx_word' id='word_1_100' title='bbox 811 2188 999 2275; x_wconf 61' lang='lat' dir='ltr'>Pamphile,</span> 
     </span>
     <span class='ocr_line' id='line_1_20' title="bbox 254 2289 1174 2379; baseline 0.001 -24"><span class='ocrx_word' id='word_1_101' title='bbox 254 2289 290 2355; x_wconf 83' lang='lat' dir='ltr'>si</span> <span class='ocrx_word' id='word_1_102' title='bbox 300 2290 335 2354; x_wconf 91' lang='lat' dir='ltr'>id</span> <span class='ocrx_word' id='word_1_103' title='bbox 346 2290 440 2373; x_wconf 75' lang='lat' dir='ltr'>facio,</span> <span class='ocrx_word' id='word_1_104' title='bbox 453 2291 554 2357; x_wconf 73' lang='lat' dir='ltr'>hodie</span> <span class='ocrx_word' id='word_1_105' title='bbox 565 2298 775 2379; x_wconf 86' lang='lat' dir='ltr'>postremum</span> <span class='ocrx_word' id='word_1_106' title='bbox 786 2291 841 2357; x_wconf 75' lang='lat' dir='ltr'>me</span> <span class='ocrx_word' id='word_1_107' title='bbox 853 2291 956 2356; x_wconf 82' lang='lat' dir='ltr'>uides</span> <span class='ocrx_word' id='word_1_108' title='bbox 995 2291 1068 2357; x_wconf 82' lang='grc' dir='ltr'>ΡΑ.</span> <span class='ocrx_word' id='word_1_109' title='bbox 1083 2291 1174 2369; x_wconf 83' lang='lat' dir='ltr'>Quid</span> 
     </span>
     <span class='ocr_line' id='line_1_21' title="bbox 298 2393 658 2477; baseline 0.008 -20"><span class='ocrx_word' id='word_1_110' title='bbox 298 2393 368 2459; x_wconf 76' lang='lat' dir='ltr'>itai</span> <span class='ocrx_word' id='word_1_111' title='bbox 412 2394 487 2461; x_wconf 86' lang='lat' dir='ltr'>oH.</span> <span class='ocrx_word' id='word_1_112' title='bbox 507 2394 548 2459; x_wconf 89' lang='lat' dir='ltr'>Ei</span> <span class='ocrx_word' id='word_1_113' title='bbox 564 2395 658 2477; x_wconf 91' lang='lat' dir='ltr'>mihi,</span> 
     </span>
     <span class='ocr_line' id='line_1_22' title="bbox 251 2495 1174 2585; baseline 0 -23"><span class='ocrx_word' id='word_1_114' title='bbox 251 2495 385 2562; x_wconf 75' lang='lat' dir='ltr'>Vereor</span> <span class='ocrx_word' id='word_1_115' title='bbox 395 2496 524 2564; x_wconf 83' lang='lat' dir='ltr'>dicere:</span> <span class='ocrx_word' id='word_1_116' title='bbox 543 2497 621 2563; x_wconf 88' lang='lat' dir='ltr'>huie</span> <span class='ocrx_word' id='word_1_117' title='bbox 634 2498 688 2564; x_wconf 89' lang='lat' dir='ltr'>dio</span> <span class='ocrx_word' id='word_1_118' title='bbox 699 2518 833 2585; x_wconf 65' lang='lat' dir='ltr'>quaeso</span> <span class='ocrx_word' id='word_1_119' title='bbox 845 2496 976 2584; x_wconf 80' lang='lat' dir='ltr'>By&#39;rria.</span> <span class='ocrx_word' id='word_1_120' title='bbox 1010 2496 1084 2561; x_wconf 89' lang='lat' dir='ltr'>BY.</span> <span class='ocrx_word' id='word_1_121' title='bbox 1098 2497 1174 2584; x_wconf 87' lang='lat' dir='ltr'>Ego</span> 
     </span>
     <span class='ocr_line' id='line_1_23' title="bbox 295 2598 743 2679; baseline 0.007 -17"><span class='ocrx_word' id='word_1_122' title='bbox 295 2598 427 2664; x_wconf 72' lang='lat' dir='ltr'>diotmi</span> <span class='ocrx_word' id='word_1_123' title='bbox 471 2599 546 2665; x_wconf 83' lang='grc' dir='ltr'>ΡΑ.</span> <span class='ocrx_word' id='word_1_124' title='bbox 566 2600 656 2679; x_wconf 81' lang='lat' dir='ltr'>Quid</span> <span class='ocrx_word' id='word_1_125' title='bbox 672 2602 743 2666; x_wconf 68' lang='lat' dir='ltr'>esti</span> 
     </span>
     <span class='ocr_line' id='line_1_24' title="bbox 167 2699 1174 2788; baseline 0.001 -23"><span class='ocrx_word' id='word_1_126' title='bbox 167 2699 242 2765; x_wconf 91' lang='lat' dir='ltr'>BY.</span> <span class='ocrx_word' id='word_1_127' title='bbox 257 2699 421 2788; x_wconf 80' lang='lat' dir='ltr'>Sponsam</span> <span class='ocrx_word' id='word_1_128' title='bbox 436 2700 492 2766; x_wconf 87' lang='lat' dir='ltr'>hie</span> <span class='ocrx_word' id='word_1_129' title='bbox 506 2707 603 2768; x_wconf 81' lang='lat' dir='ltr'>tuam</span> <span class='ocrx_word' id='word_1_130' title='bbox 618 2708 720 2768; x_wconf 82' lang='lat' dir='ltr'>amat.</span> <span class='ocrx_word' id='word_1_131' title='bbox 760 2702 834 2768; x_wconf 83' lang='grc' dir='ltr'>ΡΑ.</span> <span class='ocrx_word' id='word_1_132' title='bbox 852 2701 907 2767; x_wconf 71' lang='lat' dir='ltr'>Ne</span> <span class='ocrx_word' id='word_1_133' title='bbox 922 2702 987 2766; x_wconf 88' lang='lat' dir='ltr'>iste</span> <span class='ocrx_word' id='word_1_134' title='bbox 1002 2700 1093 2765; x_wconf 87' lang='lat' dir='ltr'>haud</span> <span class='ocrx_word' id='word_1_135' title='bbox 1107 2722 1174 2766; x_wconf 80' lang='lat' dir='ltr'>me</span> 
     </span>
     <span class='ocr_line' id='line_1_25' title="bbox 295 2804 893 2871; baseline -0.002 -2"><span class='ocrx_word' id='word_1_136' title='bbox 295 2824 373 2869; x_wconf 84' lang='lat' dir='ltr'>oum</span> <span class='ocrx_word' id='word_1_137' title='bbox 388 2804 501 2871; x_wconf 78' lang='lat' dir='ltr'>sentit.</span> <span class='ocrx_word' id='word_1_138' title='bbox 546 2805 611 2870; x_wconf 91' lang='lat' dir='ltr'>eho</span> <span class='ocrx_word' id='word_1_139' title='bbox 626 2806 708 2870; x_wconf 92' lang='lat' dir='ltr'>dum</span> <span class='ocrx_word' id='word_1_140' title='bbox 722 2805 776 2871; x_wconf 90' lang='lat' dir='ltr'>dio</span> <span class='ocrx_word' id='word_1_141' title='bbox 791 2805 893 2869; x_wconf 91' lang='lat' dir='ltr'>mihi:</span> 
     </span>
     <span class='ocr_line' id='line_1_26' title="bbox 98 2905 1207 2995; baseline 0.001 -28"><span class='ocrx_word' id='word_1_142' title='bbox 98 2915 156 2967; x_wconf 80' lang='lat'>325</span> <span class='ocrx_word' id='word_1_143' title='bbox 253 2905 430 2993; x_wconf 76' lang='lat' dir='ltr'>Nrimquid</span> <span class='ocrx_word' id='word_1_144' title='bbox 441 2928 522 2973; x_wconf 86' lang='lat' dir='ltr'>nam</span> <span class='ocrx_word' id='word_1_145' title='bbox 533 2908 678 2995; x_wconf 76' lang='lat' dir='ltr'>amplius</span> <span class='ocrx_word' id='word_1_146' title='bbox 689 2907 753 2973; x_wconf 89' lang='lat' dir='ltr'>tibi</span> <span class='ocrx_word' id='word_1_147' title='bbox 763 2929 841 2973; x_wconf 89' lang='lat' dir='ltr'>cum</span> <span class='ocrx_word' id='word_1_148' title='bbox 852 2906 911 2972; x_wconf 83' lang='lat' dir='ltr'>illu</span> <span class='ocrx_word' id='word_1_149' title='bbox 920 2905 997 2988; x_wconf 84' lang='lat' dir='ltr'>init,</span> <span class='ocrx_word' id='word_1_150' title='bbox 1006 2905 1207 2972; x_wconf 70' lang='lat' dir='ltr'>Charineies</span> 
     </span>
     <span class='ocr_line' id='line_1_27' title="bbox 296 3009 657 3097; baseline 0.003 -22"><span class='ocrx_word' id='word_1_151' title='bbox 296 3009 370 3075; x_wconf 85' lang='lat' dir='ltr'>OH.</span> <span class='ocrx_word' id='word_1_152' title='bbox 387 3009 455 3094; x_wconf 81' lang='lat' dir='ltr'>Ah,</span> <span class='ocrx_word' id='word_1_153' title='bbox 468 3009 657 3097; x_wconf 71' lang='lat' dir='ltr'>Pimphile,</span> 
     </span>
     <span class='ocr_line' id='line_1_28' title="bbox 252 3111 1173 3199; baseline -0.001 -22"><span class='ocrx_word' id='word_1_154' title='bbox 252 3111 321 3177; x_wconf 91' lang='lat' dir='ltr'>Nil.</span> <span class='ocrx_word' id='word_1_155' title='bbox 376 3112 450 3178; x_wconf 85' lang='lat' dir='ltr'>PA.</span> <span class='ocrx_word' id='word_1_156' title='bbox 479 3113 591 3191; x_wconf 80' lang='lat' dir='ltr'>Quem</span> <span class='ocrx_word' id='word_1_157' title='bbox 620 3112 761 3178; x_wconf 86' lang='lat' dir='ltr'>uellem!</span> <span class='ocrx_word' id='word_1_158' title='bbox 816 3113 891 3179; x_wconf 83' lang='lat' dir='ltr'>OH.</span> <span class='ocrx_word' id='word_1_159' title='bbox 919 3112 1021 3178; x_wconf 78' lang='lat' dir='ltr'>Nino</span> <span class='ocrx_word' id='word_1_160' title='bbox 1049 3117 1084 3177; x_wconf 88' lang='lat' dir='ltr'>te</span> <span class='ocrx_word' id='word_1_161' title='bbox 1112 3133 1173 3199; x_wconf 90' lang='lat' dir='ltr'>per</span> 
     </span>
     <span class='ocr_line' id='line_1_29' title="bbox 297 3215 947 3304; baseline 0 -24"><span class='ocrx_word' id='word_1_162' title='bbox 297 3215 482 3281; x_wconf 81' lang='lat' dir='ltr'>amicitiam</span> <span class='ocrx_word' id='word_1_163' title='bbox 499 3220 535 3282; x_wconf 83' lang='lat' dir='ltr'>et</span> <span class='ocrx_word' id='word_1_164' title='bbox 553 3238 614 3304; x_wconf 88' lang='lat' dir='ltr'>per</span> <span class='ocrx_word' id='word_1_165' title='bbox 631 3237 782 3282; x_wconf 78' lang='lat' dir='ltr'>umorem</span> <span class='ocrx_word' id='word_1_166' title='bbox 801 3215 947 3297; x_wconf 80' lang='lat' dir='ltr'>obsecro,</span> 
     </span>
     <span class='ocr_line' id='line_1_30' title="bbox 252 3317 1173 3406; baseline -0.001 -22"><span class='ocrx_word' id='word_1_167' title='bbox 252 3317 423 3406; x_wconf 86' lang='lat' dir='ltr'>Principio</span> <span class='ocrx_word' id='word_1_168' title='bbox 455 3323 494 3384; x_wconf 90' lang='lat' dir='ltr'>ut</span> <span class='ocrx_word' id='word_1_169' title='bbox 527 3340 569 3384; x_wconf 89' lang='lat' dir='ltr'>ne</span> <span class='ocrx_word' id='word_1_170' title='bbox 601 3319 714 3384; x_wconf 80' lang='lat' dir='ltr'>ducas</span> <span class='ocrx_word' id='word_1_171' title='bbox 775 3317 849 3383; x_wconf 82' lang='grc' dir='ltr'>ΡΑ.</span> <span class='ocrx_word' id='word_1_172' title='bbox 882 3317 983 3383; x_wconf 81' lang='lat' dir='ltr'>Dabo</span> <span class='ocrx_word' id='word_1_173' title='bbox 1016 3317 1173 3404; x_wconf 87' lang='lat' dir='ltr'>equidem</span> 
     </span>
     <span class='ocr_line' id='line_1_31' title="bbox 294 3420 965 3509; baseline -0.001 -23"><span class='ocrx_word' id='word_1_174' title='bbox 294 3420 440 3509; x_wconf 80' lang='lat' dir='ltr'>operam.</span> <span class='ocrx_word' id='word_1_175' title='bbox 486 3422 560 3488; x_wconf 84' lang='lat' dir='ltr'>oH.</span> <span class='ocrx_word' id='word_1_176' title='bbox 581 3422 648 3487; x_wconf 86' lang='lat' dir='ltr'>Sed</span> <span class='ocrx_word' id='word_1_177' title='bbox 667 3423 694 3487; x_wconf 89' lang='lat' dir='ltr'>si</span> <span class='ocrx_word' id='word_1_178' title='bbox 713 3422 748 3486; x_wconf 91' lang='lat' dir='ltr'>id</span> <span class='ocrx_word' id='word_1_179' title='bbox 766 3420 834 3486; x_wconf 79' lang='lat' dir='ltr'>non</span> <span class='ocrx_word' id='word_1_180' title='bbox 851 3425 965 3508; x_wconf 84' lang='lat' dir='ltr'>potest</span> 
     </span>
     <span class='ocr_line' id='line_1_32' title="bbox 251 3520 1172 3611; baseline 0.001 -21"><span class='ocrx_word' id='word_1_181' title='bbox 251 3523 326 3590; x_wconf 81' lang='lat' dir='ltr'>Aut</span> <span class='ocrx_word' id='word_1_182' title='bbox 347 3523 411 3590; x_wconf 88' lang='lat' dir='ltr'>tibi</span> <span class='ocrx_word' id='word_1_183' title='bbox 433 3524 573 3611; x_wconf 87' lang='lat' dir='ltr'>nuptiae</span> <span class='ocrx_word' id='word_1_184' title='bbox 595 3523 678 3590; x_wconf 75' lang='lat' dir='ltr'>haee</span> <span class='ocrx_word' id='word_1_185' title='bbox 701 3528 779 3589; x_wconf 84' lang='lat' dir='ltr'>sunt</span> <span class='ocrx_word' id='word_1_186' title='bbox 802 3523 905 3607; x_wconf 83' lang='lat' dir='ltr'>cordi,</span> <span class='ocrx_word' id='word_1_187' title='bbox 953 3522 1028 3589; x_wconf 82' lang='grc' dir='ltr'>ΡΑ.</span> <span class='ocrx_word' id='word_1_188' title='bbox 1048 3520 1172 3591; x_wconf 79' lang='lat' dir='ltr'>Odrdii</span> 
     </span>
     <span class='ocr_line' id='line_1_33' title="bbox 295 3625 746 3714; baseline -0.002 -21"><span class='ocrx_word' id='word_1_189' title='bbox 295 3627 370 3693; x_wconf 84' lang='lat' dir='ltr'>OH.</span> <span class='ocrx_word' id='word_1_190' title='bbox 390 3627 511 3693; x_wconf 87' lang='lat' dir='ltr'>saltem</span> <span class='ocrx_word' id='word_1_191' title='bbox 528 3625 657 3714; x_wconf 68' lang='lat' dir='ltr'>aliquot</span> <span class='ocrx_word' id='word_1_192' title='bbox 674 3627 746 3693; x_wconf 88' lang='lat' dir='ltr'>dies</span> 
     </span>
    </p>
   </div>
   <div class='ocr_carea' id='block_1_3' title="bbox 0 0 1366 4222">
    <p class='ocr_par' dir='ltr' id='par_1_3' title="bbox 0 0 1366 4222">
     <span class='ocr_line' id='line_1_34' title="bbox 0 0 1366 4222; baseline 0 3"><span class='ocrx_word' id='word_1_193' title='bbox 0 0 1366 4222; x_wconf 95' lang='lat' dir='ltr'> </span> 
     </span>
    </p>
   </div>
  </div>
 </body>
</html>
