2722 4222
209 271 232 319 1.
241 272 277 320 ·2.
293 271 370 322 1-16
498 270 658 322 HEAVTON
683 271 927 322 TIMORVMENOS.
1174 272 1213 338 71

469 509 685 570 CLITIPHO.
733 508 951 569 CHREMES.

141 611 196 686 175
208 620 273 686 eL.
293 621 354 686 Nil
376 622 487 688 adhue
512 627 565 688 esi
587 622 676 710 qued
697 643 845 706 uereare,
866 623 994 688 Clinia:
1020 623 1113 688 haud
1134 621 1244 710 qua-2

335 745 437 811 quam
460 725 564 791 etiam
587 730 737 792 cessant:

292 812 338 890 Et
362 828 457 893 iiiam
480 829 582 894 simul
605 850 683 894 eum
706 828 827 893 mintio
851 826 915 892 tibi
938 827 994 893 hio
1017 828 1211 894 adiuturam

334 929 435 996 hodie
453 931 530 996 seio,

292 1030 396 1096 Priin
424 1037 463 1097 iu
493 1033 754 1099 sollicitudinem
784 1032 886 1098 istam
911 1031 1042 1115 filsam,
1062 1053 1149 1120 quae
1174 1037 1210 1099 ie

83 1222 86 1226 Α
333 1135 514 1220 excriciai,
533 1137 661 1202 mittas,

205 1235 280 1302 OH.
292 1237 436 1316 Quicum
453 1239 605 1327 loquitur
620 1239 730 1304 ffliusi

205 1339 270 1404 ΟΕ.
291 1339 394 1406 Pater
415 1341 521 1425 adest,
541 1363 642 1429 quem
663 1341 774 1408 milui:
804 1341 914 1407 adibo.
965 1343 1071 1430 pater,
1090 1364 1230 1430 oppur-ts

332 1446 414 1508 tune
436 1444 584 1510 aduenie

137 1555 193 1608 180
205 1543 279 1609 OH.
291 1544 381 1623 Quid
395 1545 430 1610 id
445 1547 517 1612 esti
562 1547 627 1614 eL.
647 1547 750 1612 Hunc
767 1546 1007 1613 Menedemum
1024 1548 1138 1614 nostin
1153 1547 1207 1614 nia

332 1652 440 1712 sirum
454 1648 623 1714 uicinimi
668 1649 742 1716 OH.
763 1649 884 1714 Probe.

203 1748 269 1815 OL.
289 1749 380 1816 Huie
391 1751 502 1816 filium
517 1752 580 1818 seis
592 1752 684 1819 essai
725 1751 800 1818 OH.
814 1752 943 1816 Audiui
958 1774 1045 1819 esse:
1063 1752 1099 1817 in
1110 1752 1204 1819 Asia.

331 1855 396 1921 OL.
415 1855 452 1921 N
452 1877 497 1921 011
512 1856 571 1939 esi,
584 1859 700 1943 pater:

288 1956 392 2045 Apud
414 1957 474 2023 mis
492 1963 553 2024 est.
602 1958 677 2025 CH.
698 1958 788 2037 Quid
810 1959 881 2024 aisi
933 1959 997 2025 OL.
1014 1941 1205 2025 Iiduenien-

329 2066 410 2144 tem,
427 2082 445 2126 e
463 2061 789 2148 niuiegredientem
806 2061 883 2127 ilico

287 2161 427 2228 Abdixi
449 2165 493 2230 ad
515 2185 651 2230 aenam:
674 2163 754 2229 nam
776 2165 861 2228 mihi
883 2186 960 2230 eum
983 2186 1023 2231 ee
1040 2165 1109 2231 iam
1126 2164 1205 2231 inde

328 2286 435 2353 usque
453 2287 474 2332 a
490 2266 635 2354 pueritia

287 2367 366 2433 Fuit
381 2368 514 2456 semper
526 2369 748 2436 familiaritaa
787 2370 862 2436 011.
875 2369 1099 2457 Voluptatem
1113 2391 1239 2458 mag-10

329 2491 408 2536 nam
423 2471 569 2537 nuntias.

287 2572 398 2651 Quam
426 2574 549 2639 uellem
578 2573 817 2640 Menedemum
842 2573 1030 2657 inuitaiem,
1049 2579 1088 2638 ut
1115 2574 1206 2639 mibi-

329 2697 424 2741 seum
446 2682 542 2761 esset,
563 2677 714 2765 ampliuS‚

286 2777 337 2843 Vt
366 2778 453 2844 hano
479 2779 647 2844 laetitiam
672 2780 735 2846 neo
760 2779 915 2868 opinanti
940 2779 1070 2868 primus
1097 2779 1204 2845 obice

329 2903 401 2947 rem
418 2882 449 2948 ei
466 2883 576 2948 domii

287 2984 405 3073 Atque
422 2983 529 3051 luirele
546 2986 651 3051 etiam
665 3007 755 3051 nune
772 2986 906 3075 tempus
921 2993 980 3053 est.
1026 2986 1091 3054 OL.
1111 2986 1205 3052 Oaue

328 3088 434 3154 faxis:
456 3110 526 3154 non
544 3109 627 3177 opus
645 3089 705 3173 est,
721 3093 828 3177 pater.

201 3191 275 3258 OH.
287 3190 521 3278 Quapripteri
569 3193 634 3259 OL.
655 3192 743 3271 Quia
763 3193 854 3258 enim
872 3192 1072 3258 inciriumsi
1090 3192 1204 3276 etiam,
1332 3255 1335 3260 .

328 3293 410 3381 quid
424 3315 458 3359 se
473 3293 587 3360 faeiat.
632 3293 733 3359 mido
750 3295 862 3360 uenit:

285 3397 397 3462 Timet
415 3395 542 3462 emnia:
566 3397 673 3483 patris
690 3396 786 3480 iram,
799 3400 834 3462 ei
853 3396 1003 3461 animum
1021 3396 1151 3461 amicae
1169 3417 1205 3462 se
1214 3421 1239 3463 ιε

328 3520 410 3587 erga
424 3504 463 3564 ut
478 3499 521 3565 sii
536 3520 625 3565 suae.

133 3615 190 3670 190
285 3602 371 3668 Eam
386 3601 506 3668 misere
521 3607 630 3668 amai:
653 3602 793 3691 prepter
803 3623 880 3668 eam
891 3601 974 3668 haee
989 3601 1090 3668 turba
1101 3605 1205 3690 atque

330 3706 434 3772 abitio
449 3705 571 3772 euenit.
598 3688 693 3773 'uia
714 3706 799 3774 Scio,
