2722 4222
189 289 225 340 V.
240 288 268 339 2.
284 289 360 342 7-22
480 283 638 336 Hsavrou
663 282 907 335 rmoavmmos
1131 284 1193 348 115

121 451 179 506 960
189 439 254 507 OL
275 439 343 505 Hic
357 442 491 526 patrem
507 457 579 504 esse
595 435 716 503 aiebas
752 435 829 501 ME.
843 435 979 501 Eccum.
1015 434 1089 502 ΟΗ.
1103 433 1194 514 Quid

211 613 212 617 ,
316 562 371 607 me
385 541 526 623 incusas,
537 538 708 626 Clitipho?

275 643 447 732 Quidquid
462 664 526 730 ego
536 643 636 708 huius
647 641 723 725 feci,
733 641 797 707 tibi
807 640 966 728 prospexi
977 646 1012 706 et
1027 640 1194 706 stultitia&

274 751 408 917 Vliiuig
416 847 488 914 uidi
505 848 619 913 animo
638 847 709 913 esse
727 846 851 912 omisso
869 849 904 911 et
922 846 1038 912 suauia
1051 846 1088 911 in
1101 866 1194 933 prae·
1271 876 1276 884 ·

340 952 350 972 '
394 951 406 1015 i

275 956 508 1133 Qriggtiisent
533 1053 643 1142 prima
670 1051 795 1118 habere
823 1071 933 1139 neque
958 1052 1132 1117 consilere
1157 1052 1193 1118 in
1202 1071 1228 1112 ιο

317 1156 583 1244 longitudinem:

274 1259 359 1346 Cepi
383 1259 561 1341 rationem,
579 1258 620 1324 rit
642 1277 752 1346 neque
778 1277 895 1345 egeres
917 1258 1025 1345 nique
1047 1262 1086 1321 ut
1108 1257 1192 1324 haec

293 1382 432 1468 ‘posses
448 1361 597 1450 perdere.

275 1469 347 1536 Vbi
373 1467 453 1556 quoi
479 1467 593 1533 decuit
621 1466 741 1554 prime,
765 1466 829 1532 tibi
858 1487 926 1530 non
951 1465 1046 1531 licuit
1072 1470 1194 1554 perte

285 1658 299 1679 Ι
316 1570 401 1636 milri
421 1571 511 1654 dare,

275 1674 358 1739 Abii
374 1673 418 1740 ad
435 1674 641 1762 proxumim
662 1672 726 1739 tibi
744 1673 802 1762 qui
821 1677 916 1738 erat:
936 1672 967 1738 ei
989 1673 1142 1738 commisi
1159 1677 1194 1738 et

317 1776 456 1843 credidi.

276 1865 330 1945 Ibi
355 1884 435 1945 tuae
460 1879 625 1945 stultitiae
651 1899 785 1965 semper
809 1878 874 1945 erit
896 1877 1110 1965 praesidium,
1130 1877 1194 1943 Oli-

317 1983 345 2047 ti
369 1982 415 2047 ho

276 2002 407 2167 Vicius
416 2033 571 2169 uestium,
579 2106 646 2173 quo
657 2086 693 2149 in
704 2089 833 2150 tectum
845 2084 880 2150 te
891 2088 1051 2172 receptes.
1077 2085 1142 2151 OL.
1154 2084 1194 2150 Ei
1203 2104 1229 2145 1⁶

317 2188 411 2252 mihi.

190 2290 388 2358 OH.Satius
412 2295 464 2356 est
486 2310 589 2378 quam
611 2295 648 2357 te
671 2291 745 2378 ipso
771 2291 896 2357 herede
919 2290 1003 2356 haec
1026 2290 1195 2378 pdssidere

319 2392 532 2458 Bacchidem.

123 2494 260 2562 9708Y.
276 2493 445 2582 Disperii:
479 2494 639 2562 scelestus
668 2499 813 2583 quantas
841 2495 959 2561 tiirbas
988 2496 1119 2561 conciui
1148 2496 1195 2560 in-

355 2598 409 2662 in
437 2599 444 2663 l

192 2700 258 2767 ΟΕ.
277 2619 395 2767 mliii
410 2619 523 2789 scupii).
569 2700 644 2768 ΟΗ.
664 2700 764 2766 Prius
786 2720 911 2788 quaeso
933 2699 1033 2783 disce,
1047 2700 1130 2789 quid
1151 2700 1196 2767 sit

294 2802 443 2907 minere.

277 2906 363 2973 Vbi·
403 2906 495 2990 scies,
529 2905 558 2971 si
612 2905 802 2993 displicebit
859 2905 941 2988 uita,
978 2910 1054 2971 tum
1111 2905 1196 2972 istoc

320 3008 437 3074 iiiior.

194 3113 262 3179 SY.
278 3014 359 3194 Ere?
383 3111 528 3177 licetret
590 3111 666 3177 OH.
701 3111 859 3200 quuere.
923 3111 990 3177 sY.
1022 3110 1072 3176 At
1108 3115 1232 3176 tutam

322 3213 398 3281 CH.
417 3212 576 3302 quuere.
623 3214 690 3279 sY.
711 3214 806 3292 Quae
824 3214 922 3279 istast
939 3213 1090 3299 prauitas

280 3315 419 3396 Quaeue
437 3317 585 3383 amentiis
602 3320 663 3398 est,
679 3316 770 3404 quod
784 3315 922 3403 peccaui
940 3315 1014 3403 ego,
1030 3315 1066 3379 id
1081 3315 1198 3381 obesse

322 3419 423 3486 huici
467 3420 542 3486 OH.
563 3405 670 3486 Ilicet.

127 3535 184 3594 975
280 3521 336 3589 Ne
356 3527 392 3587 te
415 3522 581 3590 admisce:
603 3521 704 3590 nemo
726 3525 870 3605 accusat,
891 3521 985 3610 Syre,
1004 3525 1057 3588 te:
1080 3541 1143 3588 nec
1159 3523 1200 3586 tu

323 3625 417 3692 arim
434 3625 498 3691 tibi
