2722 4222
207 290 244 339 V.
259 290 287 338 2.
302 289 405 373 2353.
423 290 463 340 14
645 289 780 340 Annum
810 318 816 328 ·
1173 289 1213 350 51

293 426 369 528 Ego
395 440 522 506 inmte
548 438 754 506 eommdtum
779 439 929 505 reddam.
984 436 1061 502 DA.
1087 436 1214 502 Timen

336 543 401 608 etsi
421 542 486 609 hoe
508 543 681 608 uenimsti
727 541 778 607 SI.
799 541 937 607 Tamen.

292 644 384 711 Cura
407 645 653 711 idseruundum
675 645 839 727 uinctum,
859 650 962 732 atque
985 644 1109 710 audini
1136 643 1214 732 qut

336 748 522 834 drupedem
543 747 777 835 constringite.

291 850 369 939 Age
387 851 565 916 minoium:
588 871 652 938 ego
670 850 729 938 pel
745 849 854 932 hddie,
871 849 899 914 si
916 850 1004 933 uiui),
1020 850 1084 914 tibi
1220 866 1246 906 2⁵

292 953 491 1036 Ostendam,
507 975 603 1019 erum
621 954 702 1040 quid
720 953 763 1018 sit
781 952 898 1039 pericii
915 953 1042 1035 fillere,

290 1055 336 1121 Et
358 1055 407 1120 illi
429 1061 572 1143 petrem.
624 1057 699 1122 OH.
719 1054 778 1121 Ah
800 1076 843 1121 ne
865 1055 957 1121 saeui
979 1059 1077 1121 tanto
1097 1076 1208 1143 opere.

333 1158 385 1225 SI.
406 1145 435 1224 O
455 1159 626 1240 OhnemeS‚

292 1260 461 1328 Pietttem
476 1262 590 1350 gnati!
614 1261 725 1328 ndnne
739 1267 774 1328 te
788 1261 925 1327 miseret
940 1262 1027 1327 meii

290 1363 439 1430 Tantdm
452 1365 604 1431 laborem
619 1367 736 1452 cipere
752 1365 796 1430 0b
810 1365 916 1431 telem
930 1364 1064 1430 filium?

288 1467 366 1555 Age
384 1467 573 1556 Pumphne,
587 1469 641 1534 exi
657 1467 853 1555 Pumphile:
877 1468 997 1556 ecquid
1011 1467 1046 1534 te
1060 1468 1186 1556 pudeti
1217 1486 1243 1526 30

356 1752 626 1817 PAMPIIILVS.
673 1755 786 1817 SIMO.
833 1755 1052 1818 CHREMES.

203 1875 278 1941 PA.
292 1876 376 1957 Quis
390 1877 445 1944 me
460 1878 553 1944 uuiti
571 1879 666 1966 perii,
678 1880 775 1968 puter
790 1884 849 1945 est.
895 1879 946 1946 SI.
964 1880 1056 1959 Quid
1070 1887 1128 1964 aie,
1142 1880 1238 1951 <tm-8

330 1981 446 2046 niumi
490 1981 564 2048 CH.
581 1981 650 2065 Ah,

287 2083 376 2148 Rem
391 2083 503 2170 pdtius
518 2085 624 2172 ipsam
641 2085 703 2168 die,
716 2106 756 2150 uc
771 2086 870 2151 mitte
885 2085 972 2150 mile
986 2086 1089 2173 loqui.

203 2184 255 2250 SI.
287 2187 391 2264 Quasi
405 2186 584 2274 quicquum
599 2188 635 2252 in
649 2187 740 2252 hune
755 2188 824 2252 iam
839 2188 975 2275 grduius
990 2189 1057 2253 diei
1071 2187 1205 2276 pessiet.

134 2298 190 2356 875
288 2288 359 2354 Ain
376 2290 524 2372 tindem,
541 2291 624 2356 ciuis
648 2290 898 2378 Gly'eeriumsti
943 2291 1017 2356 PA.
1037 2291 1094 2358 Ita
1115 2291 1208 2380 prae-

329 2392 454 2458 dicunt.
704 2465 710 2471 ,

202 2492 254 2558 SI.
286 2494 361 2559 ‘Itu
375 2495 611 2582 praedicunt’i
634 2519 655 2560 ο
670 2496 843 2583 ingentem
859 2496 1119 2561 confidentium!
1215 2521 1229 2560 u

286 2597 382 2662 Num
397 2596 524 2684 edgitat
540 2598 621 2686 quid
637 2599 749 2664 dicati
772 2620 854 2663 num
869 2599 953 2663 faeti
968 2599 1083 2685 pigeti

287 2699 378 2766 Vide
396 2721 478 2764 num
496 2700 568 2766 eius
585 2701 678 2766 color
695 2700 831 2789 puddris
849 2701 984 2788 signum
1002 2721 1145 2788 usquam
1158 2701 1206 2767 in-

329 2802 429 2868 dicut.

287 2904 387 2971 Adeo
402 2905 571 2992 inpotenti
587 2927 658 2972 esse
676 2906 798 2987 inimo,
811 2910 851 2970 ut
866 2911 1002 2992 praeter
1017 2905 1141 2972 eiuium

132 3017 190 3070 880
286 3008 419 3072 Murem
435 3009 536 3095 itque
551 3009 662 3095 legem
677 3014 711 3073 et
728 3008 779 3073 sui
793 3008 1008 3073 uoluntutdm
1023 3010 1129 3096 patris

286 3111 415 3176 Tamen
430 3111 517 3176 haine
532 3110 656 3176 habere
672 3111 808 3176 stddeat
823 3132 901 3175 eum
916 3111 1048 3177 summi)
1062 3113 1202 3199 probru!
1214 3132 1239 3173 ιο

200 3212 274 3278 PA.
287 3211 345 3279 Me
373 3213 554 3279 miserum!
615 3213 666 3279 SI.
697 3214 798 3297 Hem,
821 3214 967 3280 modone
999 3215 1035 3279 id
1067 3215 1204 3281 demum

327 3317 442 3399 sensti,
455 3315 654 3403 Pimphilet

286 3418 378 3484 Olim
392 3418 489 3501 istuc,
500 3419 591 3500 olim,
602 3439 705 3505 quom
716 3417 765 3482 ita
780 3418 931 3482 animum
945 3418 1081 3484 induxti
1095 3424 1202 3504 tuom,

285 3521 384 3599 Quod
399 3522 538 3608 ciperes
552 3521 664 3608 aliquo
678 3521 778 3609 picto
793 3521 1009 3586 effleiundiim
1025 3522 1106 3588 tibi:

131 3628 187 3681 885
285 3624 415 3690 Eodem
430 3625 484 3690 die
499 3625 587 3690 istuc
601 3624 744 3690 uerbum
758 3644 838 3689 uere
852 3625 888 3689 in
903 3630 938 3690 te
953 3624 1083 3690 decidit.
