2722 4222
161 352 163 357 Ι
246 288 303 338 111.
319 288 346 339 1.
362 287 461 339 46-74
536 287 694 336 HEAVTON
719 287 962 337 mnonvnsn'cs.
1209 294 1248 355 87

178 449 235 503 455
333 438 444 503 Sensi:
468 459 548 503 nam
563 459 667 503 unam
685 445 717 502 e'r‘
731 438 850 503 cenam
867 443 970 526 atque
985 439 1056 504 eius
1071 439 1249 506 cemitibus

332 541 438 607 Dedi:
462 542 552 629 quod
567 542 595 606 si
609 542 733 606 iterum
748 541 832 605 mihi
851 542 895 606 sit
910 542 1032 624 danda,
1045 543 1161 608 actem
1175 544 1248 610 siet.

331 643 424 709 Nam
438 651 477 708 ut
493 644 559 709 elic
574 644 742 726 omittam,
754 643 936 730 py'tisandc
951 644 1051 710 medo
1066 646 1150 709 mihi

333 747 423 825 Quid
438 745 508 811 uini
523 747 706 812 absumsit!
731 746 794 811 ‘sic
809 747 890 811 hoc’
907 747 1030 828 dicem,
1044 749 1227 835 ‘esperum

331 850 445 931 Pater,
458 849 521 915 hec
537 855 606 915 est:
629 849 721 914 aliud
736 848 843 914 lenius
859 848 956 914 sodes
971 849 1082 916 uide’:
1257 876 1284 916 co

331 953 450 1019 Releui
465 953 557 1018 dolia
572 952 694 1033 emnia,
707 972 824 1016 omnes
839 950 960 1018 serias:

332 1055 450 1122 Omnis
465 1055 626 1121 sollicitos
641 1054 775 1120 hebuit:
798 1046 902 1141 atque
917 1054 1001 1119 haec
1015 1055 1082 1120 rina
1097 1077 1174 1122 nor.

332 1158 423 1237 Quid
438 1158 473 1224 te
488 1159 643 1223 futurum
658 1156 782 1239 censes,
795 1176 896 1244 quem
911 1157 1050 1222 adsidue
1065 1157 1231 1226 exedentl

332 1262 387 1327 Sic
401 1261 456 1327 me
471 1261 506 1326 di
522 1261 696 1340 amabunt,
709 1259 747 1324 nt
762 1280 817 1324 me
831 1264 968 1324 tuarum
979 1258 1213 1346 miseritumst,

330 1362 540 1445 Menedemo,
553 1362 777 1429 fortunarum.
821 1361 900 1427 ΜΕ.
920 1362 1037 1427 Faciat
1054 1363 1283 1450 quidlubettu

332 1466 450 1531 Sumet
464 1470 641 1532 consumat
656 1464 788 1552 perdat,
801 1465 1008 1530 decretdmst
1022 1465 1105 1552 pati,

331 1568 424 1634 Dum
441 1568 538 1633 illum
555 1568 658 1634 modo
680 1567 824 1632 habeam
842 1566 984 1632 mecum.
1030 1567 1104 1633 OH.
1126 1568 1162 1633 Si
1181 1590 1248 1634 cer-

371 1672 478 1736 tdmst
496 1671 560 1736 tibi

331 1774 386 1839 Sic
401 1775 521 1850 fecere,
534 1773 620 1838 illud
634 1773 811 1860 permagni
825 1794 862 1838 re
876 1773 966 1838 ferre
982 1773 1136 1858 arbitror,

329 1878 381 1944 Vt
395 1877 438 1942 ne
453 1878 615 1942 scientem
629 1877 755 1942 sentiat
769 1882 805 1940 te
820 1876 856 1940 id
871 1875 933 1941 sibi
948 1876 1038 1942 dare.

243 1979 320 2046 ΜΕ.
330 1980 421 2058 Quid
442 1980 585 2045 feciaml
638 1979 714 2044 OH.
734 1978 878 2057 Quiduis
899 1978 1011 2066 petius
1033 2001 1135 2067 quam
1157 1981 1282 2069 qucdw

371 2081 517 2170 cegitas:

176 2194 234 2252 470
329 2184 397 2250 Per
411 2185 515 2249 elium
529 2183 681 2271 quemuis
696 2183 736 2248 iit
750 2183 827 2249 des:
850 2183 925 2248 falli
940 2183 975 2249 te
990 2183 1080 2250 sinas

329 2286 489 2352 Techinis
503 2307 565 2374 per
579 2286 768 2352 seruolum:
792 2285 855 2351 etsi
869 2287 1021 2353 subsensi
1035 2288 1071 2352 id
1085 2310 1228 2378 quoque,

328 2388 410 2454 Illes
425 2390 472 2454 ibi
487 2409 569 2470 esse,
582 2389 617 2453 id
632 2389 732 2477 egere
747 2389 886 2454 intense
901 2390 1099 2456 clanculum.

330 2492 434 2578 Syrus
448 2512 526 2556 cum
540 2491 599 2556 illc
614 2499 730 2557 uostrc
745 2492 993 2574 censusurrant,
1006 2493 1186 2559 censerunt

328 2593 478 2664 Consilia
492 2594 537 2659 ad
551 2593 800 2660 adulescentes:
824 2600 858 2659 et
872 2595 936 2660 tibi
950 2595 1093 2680 perdere
1252 2618 1280 2659 us

328 2697 509 2762 Talentum
521 2697 588 2762 hoc
602 2701 704 2783 pacto
719 2697 822 2761 setius
838 2701 890 2763 est
905 2718 1008 2784 quam
1022 2698 1080 2763 ille
1095 2698 1233 2764 minam.

326 2798 363 2866 N
364 2820 409 2864 cn
423 2800 512 2864 minc
526 2802 669 2886 pecunia
684 2798 805 2886 egitur,
818 2800 878 2864 sed
891 2797 975 2864 illud
990 2800 1056 2888 que
1071 2798 1173 2867 modo

326 2901 481 2968 Minume
495 2901 621 2990 periclo
636 2902 672 2966 id
686 2901 804 2968 demus
819 2901 1081 2968 adulescentula.

327 3004 420 3072 Nam
435 3004 461 3070 si
477 3003 581 3070 semel
595 3009 691 3070 tuom
706 3003 856 3070 animum
870 3005 928 3072 ille
942 3005 1157 3090 intellexerit,

326 3109 426 3174 Prius
440 3106 655 3195 prediturum
672 3106 707 3173 te
722 3112 819 3173 tuam
832 3107 941 3174 uitam
956 3109 990 3175 et
1006 3109 1099 3195 prius
1251 3136 1279 3181 u

325 3211 510 3277 Pocrinium
532 3231 679 3294 omnem,
696 3231 798 3298 quam
820 3212 879 3276 ebs
900 3216 936 3280 te
958 3213 1097 3277 amittas
1113 3213 1243 3280 fllium:

366 3314 435 3396 hui,

316 3417 499 3497 tQuantem
513 3417 699 3482 fenestram
713 3417 758 3482 ad
772 3415 958 3504 nequitiem
972 3416 1182 3504 patefeceris,

323 3521 401 3587 Tibi
416 3521 532 3586 aetem
546 3541 648 3608 porro
662 3525 702 3585 ut
720 3519 788 3585 nen
803 3521 847 3585 sit
865 3541 967 3586 suaue
981 3519 1114 3588 uiuere!

322 3622 416 3690 Nam
431 3622 614 3690 deteriores
629 3623 744 3690 emnes
759 3644 874 3690 sumus
888 3623 1033 3691 licentia.
