2722 4222
559 837 759 913 ACTVS
802 837 856 912 ΙΙ.

473 1090 653 1152 ΟΜΝΙΑ.
701 1089 945 1152 ΟΜΤΙΡΗΟ.

137 1213 327 1280 2³00L1N.
338 1213 373 1281 Si
387 1213 473 1279 mihi
488 1214 653 1281 secundae
668 1214 721 1280 res
733 1215 776 1280 de
790 1234 906 1280 amore
919 1233 996 1279 meo
1012 1214 1132 1298 essent,
1142 1213 1211 1280 iam
1222 1215 1243 1282 2
1256 1210 1258 1214 ’

378 1318 505 1382 dudim
520 1318 590 1383 soio

282 1419 284 1425 ’
335 1421 537 1487 Venissent:
562 1421 621 1487 sed
643 1420 770 1504 uereor,
789 1441 832 1487 ne
854 1420 975 1487 mulier
996 1442 1050 1486 me
1073 1421 1211 1486 absente

377 1524 433 1589 hio
450 1525 611 1613 cornipta
629 1525 682 1590 sit.

334 1626 550 1693 Oonerirrunt
573 1627 701 1693 multae
727 1626 902 1715 opiniones
925 1627 1011 1714 quae
1035 1627 1121 1691 mihi
1144 1626 1212 1693 ani-

376 1750 471 1795 mum
489 1731 698 1819 exarigeant:

336 1831 485 1916 Occasio,
503 1833 607 1917 loeus
625 1833 729 1917 aetas,
748 1836 860 1898 mater
881 1832 1001 1920 quoius
1026 1833 1089 1898 sub
1111 1833 1213 1920 impe-

377 1935 459 2001 riost
477 1936 576 2020 mala,

338 2038 426 2116 Quoi
476 2039 525 2104 nil
575 2039 642 2104 iarn
691 2044 829 2126 praeter
877 2038 1026 2126 pretium
1070 2038 1234 2105 dulcata

379 2141 494 2208 ΟΜΤ.
518 2141 638 2208 Clinia.
698 2142 819 2208 ΟΜΝ.
844 2141 886 2206 Ei
910 2142 1032 2208 miseri>
1057 2142 1150 2207 mihi.

139 2243 323 2311 235OLIT.
337 2230 451 2310 Etiam
477 2265 585 2328 eaues
610 2266 654 2311 ne
680 2245 796 2313 uideat
816 2246 907 2312 forte
932 2246 987 2312 hio
1011 2251 1047 2313 te
1071 2246 1090 2311 a
1113 2250 1211 2334 patre

378 2348 498 2436 aliquis
516 2348 653 2415 exiens?

208 2450 328 2516 OLIN.
339 2450 491 2518 Faciam:
513 2452 573 2518 sed
588 2452 700 2519 neseio
715 2452 795 2540 quid
810 2453 966 2540 proferto
981 2451 1066 2517 mihi
1082 2453 1212 2519 animus

377 2555 548 2642 praesagit
562 2556 653 2621 mali.

207 2656 323 2722 OLIT.
336 2656 465 2744 Pergin
486 2658 574 2723 istuo
595 2659 689 2747 prius
708 2658 902 2740 diiiidioare,
921 2658 1023 2745 quam
1045 2658 1109 2725 sois
1130 2659 1212 2747 quid

378 2760 451 2826 ueri
469 2760 554 2826 siett

207 2861 327 2928 OLIN.
338 2863 375 2928 Si
388 2862 439 2927 nil
452 2863 533 2929 mali
552 2869 647 2946 esset,
660 2863 729 2930 iam
746 2862 801 2930 hio
815 2863 956 2930 adesset.
1003 2863 1116 2931 ΟΜΤ.
1137 2866 1213 2931 Iam

378 2965 530 3038 aderunt.
572 2965 693 3033 OLIN.
719 2966 864 3044 Quando
883 2967 968 3032 istrie
988 2968 1090 3033 ‘am’
1110 2969 1197 3034 eriti

207 3068 322 3135 OLIT.
335 3068 418 3134 Non
436 3068 563 3156 cogitas
580 3068 660 3135 hino
677 3069 814 3157 longule
831 3071 922 3136 ossei
944 3075 979 3136 et
998 3070 1087 3137 nosti
1101 3093 1211 3139 mores
1221 3095 1246 3135 ιο

379 3191 492 3237 mores
506 3171 703 3238 miliorum:

138 3284 195 3337 240
334 3274 428 3365 Dum
464 3273 658 3357 moliuntur,
685 3275 767 3340 dinn
803 3282 978 3361 conantur,
1006 3278 1113 3344 annus
1149 3283 1209 3345 est.

378 3376 500 3442 ΟΜΝ.
521 3376 551 3442 Ο
571 3377 731 3464 Clitipho,

334 3478 460 3545 Timeo.
514 3478 628 3546 CLIT.
656 3479 817 3568 Respira:
851 3482 967 3548 eooim
1001 3483 1212 3551 Dromonem

377 3583 454 3648 oinn
473 3583 561 3670 Syro
579 3605 665 3650 una:
688 3583 812 3650 adsint
830 3585 903 3651 tibi.
