2722 4222
150 282 213 343 112
435 278 594 330 Hrrvrea
618 277 860 331 MMORVMENOS.
958 282 993 331 V.
1009 281 1036 331 1.
1051 281 1152 334 2948

235 415 297 496 Est
325 430 373 494 mi
404 430 440 494 in
466 429 596 496 ultimis
624 430 785 497 conclaue
814 430 953 496 aedibus
982 430 1153 519 quoddam

276 542 387 599 retro:

235 635 314 701 Hric
329 640 381 701 esi
396 635 586 702 introlatus
598 636 935 720 lectusudstimentis
950 638 1075 704 stritus
1089 642 1151 703 est.
1161 663 1194 704 ac·

150 736 225 804 GH.
236 738 326 816 Quid
347 744 529 826 postquam
550 737 616 804 hoc
638 743 689 805 est
711 740 864 807 factumi
917 740 995 806 ME.
1012 740 1153 806 Dictum

278 841 407 906 factum
424 841 490 907 huc
505 842 589 907 abiit
605 841 765 928 Clitipho.

83 956 139 1009 905
150 944 225 1011 OH.
237 943 355 1010 Sdlusi
400 944 477 1010 ΜΕ.
498 944 605 1010 Solus.
650 943 725 1011 CH.
745 945 872 1012 Timeo,
917 945 994 1012 ME.
1011 945 1153 1012 Bacchis

278 1045 489 1112 cimsecuiast
507 1046 592 1112 ilicO.

150 1147 336 1215 casciae
379 1148 457 1214 ME.
478 1149 566 1215 Sola.
612 1150 686 1216 OH.
706 1150 807 1216 Perii.
852 1151 930 1216 ME.
946 1150 1018 1217 Vbi
1039 1150 1152 1217 abiere

277 1250 377 1333 intro,
394 1271 555 1338 operuere
572 1251 705 1319 (istium.
751 1252 825 1318 OH.
845 1253 946 1333 Hem,
1204 1271 1206 1274 ·

236 1352 346 1419 Clinia
360 1352 461 1522 haecll
458 1353 533 1420 fieri
548 1354 710 1420 uidebat?
746 1354 824 1421 ME.
842 1354 931 1434 Quid
945 1355 1002 1421 nii
1020 1375 1155 1421 mecum

278 1457 346 1521 und
360 1457 424 1522 sim
463 1507 470 1522 .

151 1558 225 1624 OH.
237 1559 335 1625 Filist
350 1560 459 1625 amica
474 1560 634 1626 Bacchis:
657 1560 867 1643 Menedemo,
879 1559 995 1626 decidi.

150 1660 228 1726 ΜΕ.
240 1661 352 1741 Quam
373 1661 509 1729 obremi
554 1662 630 1730 cH.
647 1663 775 1729 Decem
797 1661 929 1728 dierum
950 1661 1011 1727 uix
1032 1660 1080 1728 mi
1102 1667 1154 1728 esi

84 1765 464 1946 aomaiiiihdac
486 1868 585 1934 times
608 1868 697 1956 quor
719 1868 776 1934 ifle
802 1867 940 1955 speram
964 1869 1073 1936 amico
1095 1868 1155 1935 aa

279 1972 361 2036 suci

150 2072 225 2138 OH.
238 2072 348 2138 Immd
366 2074 456 2160 quod
479 2074 616 2140 amicae.
662 2073 740 2139 ME.
760 2073 796 2139 Si
813 2074 883 2140 dai.
928 2073 1003 2140 OH.
1020 2065 1079 2139 An'
1096 2073 1155 2139 du·

278 2175 372 2241 bium
388 2177 424 2241 id
439 2176 503 2243 tihi
521 2178 594 2243 esti

236 2278 492 2368 Quemquamne
523 2279 638 2346 animo
669 2283 743 2346 tam
775 2278 862 2346 cdmi
891 2300 964 2346 esse
995 2284 1054 2348 aut
1086 2279 1155 2346 leni

279 2387 390 2469 putas,

236 2486 304 2565 Qui
321 2485 357 2552 sd
374 2486 512 2552 uidente
530 2485 674 2552 amicam
691 2485 843 2573 patiatir
861 2506 956 2552 suam
969 2486 1021 2555 ..2

150 2589 228 2655 ΜΕ.
240 2589 331 2669 Quid
345 2588 401 2654 nii
424 2610 492 2677 quo
506 2590 611 2655 uerba
626 2589 757 2654 facilius
772 2587 896 2653 dentrir
909 2587 1002 2653 mihi.

83 2703 139 2756 915
150 2692 225 2760 CH.
234 2691 379 2759 Derides
394 2692 526 2758 meritc.
571 2691 656 2756 mihi
670 2712 760 2757 nunc
775 2711 839 2778 ego
857 2690 1050 2756 suscensec:

237 2795 337 2874 Quod
351 2794 404 2860 reis
419 2796 551 2878 dedere,
563 2794 622 2859 ubi
636 2793 768 2881 pdssem
781 2792 1032 2880 persentiscere,

235 2898 284 2966 Ni
299 2897 407 2964 essem
420 2897 522 2985 lapisi
546 2917 632 2985 quae
646 2896 735 2962 uidi!
758 2917 822 2962 uae
836 2895 958 2962 miseri)
968 2895 1066 2969 mihi.

235 3002 286 3068 At
300 3002 344 3068 ne
358 3001 443 3067 illud
457 3001 549 3067 haud
564 3000 720 3084 imiltum,
733 3000 760 3066 si
774 2997 863 3082 uiud,
875 2998 1008 3066 ferent:

234 3104 270 3170 N
271 3124 328 3170 am
342 3103 410 3169 iam
426 3155 433 3169 .
452 3154 459 3169 .
495 3103 573 3169 ME.
589 3103 625 3170 N
626 3124 671 3170 on
685 3109 724 3169 tu
739 3108 774 3169 te
792 3101 949 3168 cdhibesi
971 3122 1041 3168 non
1055 3108 1091 3168 te
1105 3101 1152 3169 rd-

278 3206 398 3293 spicis?

234 3309 316 3375 Non
330 3308 394 3374 tibi
408 3329 473 3397 ego
490 3309 637 3396 exempli
651 3309 732 3375 satis
750 3330 825 3376 sum
834 3294 853 3374 i
890 3309 965 3376 cH.
989 3308 1077 3375 Prae
1091 3309 1154 3375 ira

277 3411 409 3495 cindia,

233 3514 443 3600 Menedemo,
459 3536 528 3582 non
547 3535 622 3581 sum
639 3514 729 3602 apird
746 3535 810 3580 me.
858 3513 935 3580 ME.
955 3513 1047 3581 Tene
1065 3512 1153 3579 istric

276 3618 388 3705 loqui!
