2722 4222
185 275 227 346 76
467 271 625 324 EEAVTON
649 271 891 324 TIMORVMRNOS.
1011 272 1051 324 11.
1067 272 1186 326 a.1-1s

264 511 415 575 SYRVS.
462 509 633 589 DROMO.
677 508 840 572 CLINIA.
887 509 1105 572 ΟΜΤΙΡΗΟ.

186 638 253 705 SY.
312 635 383 701 Ain
403 635 464 701 tui
514 634 590 700 DR.
615 634 670 700 Sio
692 638 753 700 est.
808 634 876 700 SY.
895 634 1028 702 Verum
1049 634 1218 718 intorem

355 739 438 803 ditm
455 756 627 803 sermones
645 736 825 822 caedimus,

313 827 398 908 Illae
415 844 494 906 sunt
512 839 660 906 relictae.
706 839 821 906 ΟΜΤ.
840 839 966 905 Mulier
986 839 1051 905 tibi
1072 839 1188 906 adest:

356 943 468 1027 audin,
485 941 617 1009 Oliniat

185 1047 306 1115 ΟΜΝ.
316 1032 391 1134 Ego
406 1065 487 1111 uero
502 1043 601 1110 audio
613 1063 702 1110 nuno
714 1043 852 1108 demum
866 1048 901 1110 et
916 1043 1015 1109 uideo
1030 1047 1065 1110 et
1079 1043 1188 1130 uele0,

355 1147 516 1235 Clitipho,

118 1251 261 1319 245DR.
313 1250 467 1316 Minume
488 1249 631 1315 mirum:
660 1248 747 1315 adeo
767 1247 940 1337 inpeditae
962 1248 1059 1316 erint:
1088 1249 1190 1316 ancil-

356 1353 468 1419 lart'rm
484 1372 624 1440 gregem

314 1456 454 1523 Dicunt
479 1475 603 1521 seeum.
659 1453 781 1521 OLIN.
804 1453 1211 1538 Perii‚undeillis1'1nti⁵

356 1559 520 1624 aneillaet
564 1557 679 1624 ΟΜΤ.
698 1556 782 1623 Men
799 1558 921 1644 regest

186 1661 255 1728 sY.
313 1661 394 1728 Non
422 1659 572 1749 oportuit
600 1659 754 1726 relictas:
783 1659 923 1749 porta-nt
948 1660 1030 1748 quid
1057 1661 1188 1726 rerum!

357 1764 479 1830 CLIN.
498 1762 540 1827 Ei
556 1762 651 1828 mihi.

187 1866 256 1934 SY.
314 1866 458 1950 Atrum,
476 1870 624 1933 uestem:
651 1870 686 1933 et
708 1865 923 1955 uesperasoit,
943 1867 978 1934 et
999 1887 1069 1933 non
1090 1885 1190 1932 noue

356 1969 438 2035 nint
455 1969 558 2034 uiam.

314 2072 488 2139 Ftotuma
502 2071 599 2139 nobis
610 2071 715 2138 stirlte
730 2076 790 2138 est.
827 2072 884 2138 abi
895 2071 978 2137 dum
988 2071 1037 2155 tii,
1048 2071 1188 2156 Brome,

356 2175 424 2242 illis
439 2173 591 2241 obuiam:

119 2298 177 2353 250
315 2275 479 2364 Propera:
500 2275 581 2363 quid
597 2277 688 2342 stast
732 2275 854 2342 ΟΜΝ.
865 2274 942 2342 Vae
956 2275 1081 2344 misero
1095 2277 1189 2361 mihi,

357 2380 484 2468 qutnta
500 2381 543 2446 de
560 2401 619 2468 spe
634 2378 762 2446 decidii

186 2483 301 2552 OLIT.
315 2483 405 2564 Quid
435 2483 544 2549 istuoi
584 2503 671 2570 quae
702 2503 756 2548 res
790 2481 827 2548 te
858 2481 1020 2549 sollicitat
1051 2483 1224 2551 aitemtm

357 2586 478 2654 OLIN.
498 2585 644 2674 Rogitas
665 2584 748 2674 quid
765 2584 851 2652 sieti

313 2689 428 2759 Viden
448 2689 509 2755 tui
535 2688 675 2755 ancillas
700 2688 819 2754 mirem
843 2693 983 2773 uestem,
1002 2689 1104 2778 qutm
1125 2711 1190 2778 ego

356 2814 434 2858 oum
451 2813 521 2858 una
537 2791 696 2858 ancillula

314 2895 382 2961 Hie
399 2895 529 2983 reliqui,
541 2893 631 2960 unde
649 2892 683 2959 ὁὶ
700 2915 772 2961 esse
787 2896 924 2962 oensesi
969 2895 1084 2962 OLIT.
1100 2895 1189 2979 Veh,

357 3019 447 3064 nuno
462 2999 599 3065 demum
614 2996 786 3085 intellego,

188 3102 255 3170 SY.
315 3101 361 3166 Di
382 3101 473 3184 boni,
490 3101 572 3188 quid
588 3100 760 3167 tfirbaest!
783 3099 883 3166 aedes
905 3099 1041 3167 nostrae
1062 3101 1122 3166 uix
1140 3122 1191 3166 oa-

357 3204 463 3292 pient,
480 3204 557 3271 scio.

120 3336 176 3387 255
317 3307 406 3386 Quid
428 3307 626 3374 comedenti
649 3307 731 3396 quid
754 3305 907 3373 ebibentt
930 3305 1013 3393 quid
1030 3305 1109 3373 sene
1126 3306 1191 3373 erit

358 3416 476 3477 nostro
493 3410 666 3476 miseriust

316 3512 383 3581 sed
398 3535 493 3580 eooos
506 3513 607 3579 uideo
622 3512 705 3601 quos
718 3512 885 3579 uolebam.
928 3511 1049 3580 OLIN.
1067 3512 1097 3578 Ο
1114 3511 1224 3602 lep-1⁶

358 3616 457 3703 piter,
469 3616 528 3682 ubi
542 3617 623 3682 nom
637 3621 689 3683 est
704 3615 808 3683 fidesi
