2722 4222
145 289 202 339 111.
218 289 246 339 α.
260 289 359 341 :so-4⁷
577 290 712 341 lunum
1108 295 1148 357 31

74 456 135 509 510
231 438 373 506 Prnrsus
401 461 423 508 a
448 463 504 508 me
529 441 724 529 opinionem
751 441 840 508 hano
865 447 962 509 tuam
988 442 1060 509 isse
1085 463 1183 531 egon

185 579 187 581 ·
271 543 421 609 amntem
438 545 527 611 uolo.

145 644 197 712 SI.
230 627 332 713 Vnde
361 646 396 711 id
425 647 509 713 suist
563 647 642 713 DA.
670 646 799 712 Audiui
827 652 862 713 et
891 648 1011 716 eredo:
1040 648 1150 717 miilta

271 748 478 815 concurrimt
500 750 610 834 simul,

230 850 298 929 Qui
316 853 546 918 coniecturam
563 852 651 918 hine
669 872 759 918 nune
773 852 872 918 facio.
924 851 993 916 itm
1020 852 1149 939 primns

272 954 357 1021 haee
371 974 410 1049 se
422 975 441 1020 e
456 953 636 1041 Pimphilo

231 1056 418 1122 Griuidam
432 1056 520 1122 dixit
536 1056 625 1123 esse:
648 1058 860 1123 inuentumst
873 1056 1006 1123 filsum.
1046 1078 1147 1142 nunc,

270 1159 451 1247 postqutm
465 1159 560 1225 uidet

228 1261 376 1350 Niptins
391 1261 485 1328 domi
499 1263 665 1350 ipparari,
678 1263 812 1329 missust
827 1262 950 1329 ancilla
963 1262 1041 1327 ilico

73 1363 131 1428 515
229 1349 457 1431 Obstetricem
485 1364 687 1431 accersitum
708 1365 753 1431 nd
779 1385 854 1430 eam
880 1369 915 1430 et
940 1365 1083 1451 pienum
1108 1369 1181 1430 utus

269 1466 419 1533 adferret
442 1467 552 1532 simul.

229 1567 320 1651 [Ηόο
337 1569 401 1635 nisi
420 1569 471 1653 fit,
487 1590 629 1657 puerum
646 1569 686 1634 iit
703 1574 742 1635 tu
760 1569 886 1653 uideas,
902 1568 950 1633 nil
966 1573 1147 1634 monentur

270 1670 433 1757 nuptiae]

141 1771 193 1838 s1.
228 1772 319 1850 Quid
337 1775 408 1838 aisl
431 1794 507 1838 eum
524 1772 741 1839 intellexeras

227 1859 269 1939 Id
294 1875 472 1940 consilium
500 1874 628 1962 cipere,
652 1895 738 1963 quor
765 1894 834 1940 nen
860 1874 947 1940 dixti
975 1875 1147 1963 extemplo

270 1976 471 2063 Ptmphilol

141 2076 220 2145 DA.
232 2077 315 2157 Quis
333 2079 439 2166 igitur
455 2099 534 2145 eum
553 2079 597 2145 ab
614 2078 673 2145 illa
690 2079 858 2145 abstraxit
876 2078 939 2146 nisi
957 2081 1043 2168 egoi
1065 2100 1147 2146 nam

269 2202 387 2247 omnes
405 2181 465 2248 niis
482 2181 619 2269 quidem

71 2290 131 2344 520
227 2283 369 2367 Scimus,
391 2304 495 2372 quam
519 2284 641 2350 misere
669 2283 756 2349 himo
782 2284 914 2350 amarit.
967 2285 1057 2350 mine
1082 2285 1180 2352 sibino

267 2407 409 2453 uxorem
430 2386 570 2474 expetit.

226 2487 403 2555 Pistremo
425 2489 461 2554 id
478 2488 563 2553 mihi
581 2488 625 2554 dt
646 2489 779 2576 negoti:
802 2488 842 2553 tii
858 2489 1066 2556 tamenidem
1083 2489 1145 2556 has

268 2591 404 2678 niptias
793 2587 800 2599 '

225 2692 336 2780 Perge
352 2693 465 2758 faeere
485 2693 535 2759 ita
556 2693 595 2759 iit
613 2693 716 2760 ineis:
740 2697 775 2759 et
797 2693 833 2759 id
855 2692 953 2780 spiro
970 2693 1145 2760 adiuturus

268 2794 357 2861 deos.

140 2896 193 2963 SI.
227 2881 338 2964 immo
352 2898 409 2964 abi
424 2898 534 2965 intro:
556 2898 605 2965 ibi
622 2919 678 2964 me
696 2897 849 2986 epperire
866 2901 901 2963 et
919 2896 1008 2984 quiid
1022 2902 1145 2984 parato

267 3020 352 3087 opus
367 3000 418 3066 est
432 3021 525 3088 pera.

224 3101 307 3169 Non
331 3103 467 3191 impulit
495 3124 560 3187 me,
584 3103 668 3169 haec
693 3103 783 3168 nime
809 3103 949 3168 omnino
970 3107 1010 3168 ut
1036 3103 1145 3170 crede-

267 3225 356 3271 rem:

69 3318 128 3373 525
224 3305 341 3395 Atque
355 3307 448 3374 haid
462 3308 530 3375 seio
545 3329 590 3374 an
605 3329 691 3396 quae
707 3308 792 3373 dixit
807 3308 876 3374 sint
891 3330 972 3376 uera
986 3309 1107 3375 emnia.
1151 3327 1179 3368 45

225 3408 292 3475 Sed
305 3409 402 3497 ptrui
417 3411 547 3498 pendo:
570 3410 655 3475 illiid
669 3410 755 3475 mihi
769 3410 879 3477 multo
893 3411 1132 3495 mtxumumst

224 3510 326 3592 Quod
364 3512 450 3578 mihi
492 3512 680 3601 pollicitust
723 3512 815 3601 ipsus
853 3517 987 3602 gnatus.
1053 3514 1144 3581 nime

266 3615 446 3684 Chremem
