2722 4222
233 276 285 326 1v.
302 278 329 327 4.
345 277 442 328 15-35
667 271 802 322 ANDRIA
1194 262 1240 336 45

319 426 412 493 Male
435 425 539 492 dieisi
566 423 710 491 undesti
737 422 791 489 die
815 421 914 488 clare.
969 420 1052 488 MY.
1076 422 1110 487 A
1131 420 1273 489 nobiau

168 599 169 603 ,
363 529 441 595 DA.
461 528 602 595 Hahae:

166 640 223 700 755
318 631 446 698 Mirum
463 652 555 715 uere,
572 628 777 718 inpudenter
792 627 916 695 mulier
932 627 960 694 si
977 628 1062 694 facit

318 734 504 801 Meretrixi
549 733 625 799 OH.
641 731 699 797 Ab
717 731 881 797 Andriast
899 730 993 815 haec,
1009 736 1176 819 quantum
1192 730 1240 796 in-

361 837 498 924 tellegu

233 938 312 1005 DA.
323 939 446 1006 Adeim
462 938 619 1004 uidemur
634 937 732 1004 udbis
750 957 821 1003 esse
839 935 960 1020 iddnei,

319 1041 361 1106 In
376 1041 497 1129 quibus
512 1039 560 1106 sie
574 1039 757 1105 inludatisi
801 1039 875 1106 OH.
892 1038 984 1106 Veni
998 1039 1034 1104 in
1049 1040 1212 1127 tempore.

234 1144 312 1210 DA.
323 1144 475 1233 Propera
489 1144 573 1209 adeo
587 1163 731 1232 puerum
745 1142 864 1209 idllere
878 1141 958 1208 hino
972 1143 1015 1235 ab
1030 1143 1141 1209 ianua.
1247 1163 1274 1204 io

166 1250 223 1310 760
318 1245 439 1312 Mane:
463 1266 547 1312 caue
561 1265 732 1333 quoquam
746 1265 790 1311 ex
803 1243 889 1310 istoc
904 1244 1046 1310 exeessis
1060 1245 1146 1311 1000.

233 1347 316 1413 MY.
327 1347 373 1412 Di
387 1351 423 1415 te
441 1348 631 1415 eradicent:
654 1347 704 1414 ita
717 1368 773 1413 me
788 1347 948 1412 miseram
962 1347 1108 1413 territas.

232 1449 312 1515 DA.
324 1449 400 1516 Tibi
415 1450 490 1516 dieo
505 1470 570 1538 ego
585 1470 630 1516 an
644 1450 732 1515 noni
777 1448 860 1516 MY.
877 1449 966 1529 Quid
981 1449 1051 1516 uisi
1095 1449 1175 1516 DA.
1188 1451 1239 1516 At

361 1552 464 1618 etiam
477 1553 600 1640 rogasi

319 1655 422 1738 Oedo,
434 1654 573 1742 quoium
586 1674 730 1742 puerum
745 1653 801 1720 hie
815 1654 998 1742 adposistii
1021 1654 1076 1722 dio
1090 1655 1183 1722 mihi.

233 1755 315 1822 MY.
327 1757 379 1822 Tu
397 1756 527 1823 neseis?
571 1755 650 1822 DA.
670 1755 773 1822 Mitte
795 1756 831 1820 id
853 1756 942 1845 quid
964 1756 1051 1824 scio:
1074 1758 1129 1824 die
1148 1757 1273 1846 qudda

361 1880 456 1947 rogo.

166 1966 222 2027 ’165
233 1961 316 2028 MY.
327 1962 456 2029 Vostri.
509 1962 588 2028 DA.
613 1962 743 2042 Quoius
765 1963 894 2029 nostrii
949 1962 1032 2029 MY.
1056 1963 1237 2052 Pimphili.

322 2073 340 2097 ⁸
361 2064 440 2130 DA.
460 2065 561 2147 Hem,
578 2064 680 2152 quidi
703 2064 895 2153 Pamphilii

233 2165 412 2250 MY.Eh0,
428 2187 474 2233 an
495 2166 564 2233 nim
585 2168 657 2233 esti
704 2166 779 2234 OH.
798 2167 907 2234 Recte
928 2187 992 2255 ego
1015 2167 1148 2254 semper
1163 2167 1239 2256 fugi

266 2299 272 2306 ·
361 2269 423 2335 has
439 2269 585 2357 nuptias.

233 2371 354 2438 DA.O
381 2372 512 2438 facinus
543 2370 892 2438 animadudmendum.
952 2371 1035 2438 MY.
1063 2372 1153 2452 Quid
1176 2373 1240 2439 ela

360 2475 484 2540 mitasi
1281 2506 1283 2510 ⁴

233 2576 312 2642 DA.
324 2576 478 2656 Quemne
497 2576 561 2663 ego
578 2576 652 2642 heri
669 2575 741 2640 uidi
758 2575 803 2642 ad
819 2574 880 2642 uds
898 2576 1024 2642 adferri
1042 2576 1195 2665 uesperii

233 2678 359 2745 MY.O
377 2678 548 2745 himinam
570 2679 743 2745 audacem.
791 2678 870 2744 DA.
889 2678 1038 2745 Verum:
1062 2680 1134 2745 uidi
1156 2681 1273 2748 Oen-eo

361 2781 500 2846 tharam

167 2887 224 2948 770
320 2881 591 2949 suffarcinatam.
636 2883 718 2949 MY.
736 2883 798 2949 Dis
811 2883 871 2970 pol
884 2883 995 2950 habeo
1009 2885 1166 2972 gretiam,

225 2981 227 2984 ’
321 2985 433 3065 Quom
448 2985 484 3049 in
498 2984 664 3072 pariundo
679 2986 809 3074 aliquot
824 2986 1005 3054 adfuerunt
1020 2987 1155 3056 liberae.

235 3088 313 3154 DA.
324 3087 380 3154 Ne
402 3087 462 3153 iila
483 3087 582 3152 illum
598 3087 691 3153 haud
708 3087 815 3172 nouit,
834 3088 950 3176 qudius
972 3111 1074 3157 causa
1091 3092 1174 3160 haee
1191 3093 1239 3161 in-

363 3190 464 3277 cipit:

321 3292 502 3359 ‘Chremes
528 3293 557 3358 si
582 3292 777 3381 adpositum
801 3293 945 3381 pderum
970 3303 1051 3364 ante
1076 3299 1167 3365 aedis
1192 3299 1239 3364 ui·

363 3395 461 3479 derit,

322 3496 430 3666 suff,
450 3498 589 3586 gnatam
617 3519 687 3565 non
709 3497 820 3566 dabit'
832 3521 840 3566 ε
869 3503 968 3568 tanto
993 3502 1106 3570 hercle
1129 3503 1273 3594 magisne

387 3599 468 3668 ait.
