2722 4222
175 253 216 318 96
460 248 620 300 HEAVTON
644 246 886 298 Tmoavuuuos
969 246 1022 296 1v.
1037 247 1064 296 1.
1079 247 1179 299 21-Θὸ

261 399 326 467 Tit
348 405 487 488 peccata
509 399 546 464 in
567 399 631 465 hie
652 420 690 465 re
712 397 871 464 ostendis.
922 397 1002 462 nam
1023 396 1092 462 iam
1114 395 1179 484 pri-

303 524 406 586 mum,
423 502 451 567 si
469 522 581 567 meum

149 622 161 635 ·
261 591 447 693 imperium
470 604 607 692 exsequi
631 603 802 686 uoluisses,
821 603 1059 689 interemptam
1085 600 1179 688 opir-

345 709 371 771 ‘t

259 811 294 877 N
295 713 515 876 iiiiusimulare
532 809 677 875 martem
695 809 817 892 uerbis
833 829 870 874 re
887 808 960 896 ipsa
978 828 1072 896 spem
1087 806 1179 874 uitae

259 914 540 1082 [diffie-Omitto:
569 1013 807 1098 misericordia,
830 1013 962 1079 inimus
985 1012 1177 1079 maternis:

319 1139 385 1184 m.

261 1139 376 1300 Qitni
396 1220 483 1287 bene
509 1242 589 1287 uero
615 1221 676 1286 abs
701 1219 736 1286 te
761 1222 978 1307 prospectum
1003 1222 1065 1302 est,
1089 1218 1212 1306 quidm

301 1323 449 1406 uoluisti,
464 1321 595 1410 cegita:

259 1425 296 1492 N
296 1425 393 1514 impe
414 1425 496 1491 anui
517 1425 567 1490 illi
589 1424 724 1513 predita
746 1425 808 1490 abs
831 1428 867 1490 te
888 1422 963 1488 filia
985 1426 1036 1488 est
1057 1422 1178 1511 planis-

341 1548 376 1592 m
480 1562 483 1567 .

260 1548 459 1696 Pisilteeuel
479 1630 532 1696 uti
553 1629 732 1718 quaestum
749 1630 878 1696 iaceret
900 1628 956 1696 uel
977 1628 1029 1694 uti
1045 1628 1178 1696 ueniret

326 1732 380 1797 ala
417 1783 425 1798 .

261 1753 432 1918 Crlidoiild
446 1835 622 1923 cogitasti:
646 1835 797 1923 ‘quiduis
815 1835 896 1901 satis
914 1840 974 1919 est,
986 1835 1069 1899 dum
1082 1833 1177 1900 uiuat

302 1936 426 2002 modo!

262 2039 352 2118 Quid
368 2061 446 2106 eum
464 2041 530 2107 illis
548 2042 637 2129 agis,
654 2040 711 2128 qui
729 2061 839 2128 neque
856 2039 908 2106 ius
923 2039 1033 2128 neque
1049 2040 1178 2105 bonum
1266 2087 1267 2090 ,

303 2147 405 2230 atque
422 2142 565 2231 aequem
582 2144 714 2209 sciunti

259 2244 384 2312 Melius
407 2246 510 2332 peius,
529 2245 635 2333 presit
661 2245 760 2329 obsit,
783 2244 833 2309 nil
855 2244 974 2311 uident
999 2243 1064 2310 nisi
1087 2242 1212 2331 quidm

302 2347 361 2413 iub
381 2353 406 2413 t.

176 2434 242 2518 SO.
258 2449 309 2516 Mi
320 2369 490 2534 Oheremes,
500 2450 647 2538 peceaui,
657 2451 783 2516 fateor:
801 2450 927 2518 uincor.
960 2470 1052 2516 nune
1065 2450 1131 2517 hoo
1141 2454 1177 2516 te

303 2551 449 2636 ibseem,

106 2669 164 2724 645
260 2653 425 2733 †Qutnto
440 2660 518 2722 tuos
533 2661 585 2722 est
603 2655 733 2722 inimus
751 2660 835 2722 natu
849 2654 995 2744 grauior,
1006 2656 1179 2744 ignoscen-

302 2757 371 2824 tior

260 2842 313 2927 Vt
327 2809 427 2927 miae'
438 2859 603 2927 stultitiae
618 2860 654 2926 in
668 2860 799 2928 iustitia
810 2861 869 2928 tua
885 2862 929 2928 sit
943 2860 1072 2949 aliquid
1085 2862 1179 2950 prae

303 2961 377 3028 sidi.

174 3066 248 3132 GH.
261 3065 395 3131 Scilicet
411 3065 568 3153 equidem
584 3066 671 3133 istuc
684 3066 816 3133 factum
833 3066 1024 3154 igniscam:
1046 3087 1175 3151 uerum,

302 3167 464 3252 Sistrata,

257 3270 348 3337 Mile
373 3269 472 3337 docet
497 3276 534 3338 te
558 3271 636 3338 mea
656 3271 805 3338 facilitas
830 3270 948 3337 multa.
1004 3271 1065 3337 sed
1089 3271 1211 3337 istuoas

301 3373 464 3462 quidquid
486 3379 547 3458 est,

258 3474 334 3554 Qua
360 3476 426 3542 hoe
455 3481 666 3564 occeptumst
694 3475 805 3560 caiisa,
828 3475 974 3563 loquere.
1035 3475 1101 3542 SO.
1124 3474 1177 3544 Vt

300 3578 425 3645 stultae
447 3584 483 3646 et
504 3579 647 3647 miserae
669 3578 786 3647 omnes
808 3599 924 3646 sumus
