2722 4222
243 284 266 335 1.
283 283 310 332 ⁵.
326 282 424 334 44:5⁵
675 282 811 334 ruram.
1207 284 1247 347 17

327 432 380 499 Vt
409 433 518 521 nique
550 455 605 499 me
634 433 842 500 consuetudo
874 453 982 521 neque
1014 452 1110 498 amor
1139 432 1247 521 nique

371 535 481 623 pudor

176 649 235 702 280
329 638 551 705 Commdueat
566 661 674 728 neque
689 639 912 723 ccmmducat,
923 645 962 704 ut
977 639 1108 706 scrudm
1122 640 1226 705 fidem
1235 641 1246 706 i
1255 660 1282 700 a

244 741 326 808 MY.
339 741 458 809 Vnum
479 741 543 808 hirc
568 743 647 827 scio,
667 742 756 808 hanc
775 743 934 809 meritam
958 744 1038 826 csse,
1057 752 1094 808 ut
1117 764 1248 809 memor

372 843 459 910 esses
477 846 537 910 sui.

244 946 317 1014 ΡΑ.
333 946 468 1012 Memor
482 946 609 1012 dssemi
632 968 653 1013 0
668 946 777 1033 Mysis
792 946 910 1034 Mysia
923 948 1027 1012 etiam
1042 948 1131 1013 nunc
1146 947 1230 1013 mihi

329 1049 463 1136 Scripta
479 1049 538 1115 illa
555 1050 647 1115 dicta
665 1050 744 1115 sint
762 1050 797 1115 in
815 1050 929 1116 animo
948 1050 1122 1137 Chrysidis

328 1154 382 1220 De
401 1152 569 1240 Glycerio.
614 1153 683 1218 iam
700 1153 808 1219 ferme
825 1153 972 1219 moriens
989 1153 1044 1217 mi
1062 1159 1180 1220 uocat:

329 1255 482 1322 Accessi:
504 1276 565 1321 uos
583 1255 740 1321 semdtae.
785 1276 847 1321 nos
865 1254 946 1321 scii:
968 1255 1088 1342 incipit
1255 1268 1282 1309 ω

331 1359 400 1424 ‘Mi
432 1357 620 1445 Pamphile,
647 1359 745 1424 huius
779 1358 925 1424 fdrmam
960 1363 1063 1446 atque
1099 1359 1246 1426 aetatem

370 1461 484 1527 uides:

329 1563 403 1631 Nec
428 1563 515 1630 clam
540 1569 576 1629 te
601 1569 663 1646 est,
687 1583 789 1650 quam
815 1562 864 1628 iili
890 1563 1054 1651 utraeque
1080 1585 1132 1630 res
1158 1584 1247 1630 nunc

371 1667 471 1732 utiles

329 1767 375 1833 Et
390 1768 433 1832 id
447 1768 646 1855 pudicitiam
663 1767 697 1833 a
713 1768 842 1833 adrem
858 1769 1037 1834 tutandzim
1053 1770 1149 1834 sient.

331 1870 431 1949 Quod
453 1871 518 1958 ego
540 1892 600 1959 per
623 1871 711 1936 hanc
734 1876 769 1936 te
791 1872 947 1937 dextram
969 1894 1030 1937 01¹0
1052 1879 1087 1938 ct
1109 1873 1247 1959 genium

371 1981 477 2057 tuom,

330 2077 397 2145 Per
411 2079 505 2143 tuam
520 2078 626 2144 fidem
640 2099 766 2166 perque
781 2078 879 2143 hirius
895 2078 1110 2143 solitudinem
1255 2091 1282 2132 ω

329 2180 377 2246 Το
391 2180 553 2262 obtestor,
566 2202 609 2247 ne
623 2181 683 2247 abs
698 2188 734 2246 te
750 2182 837 2247 hanc
852 2181 1008 2268 segreges
1023 2202 1089 2246 neu
1103 2180 1245 2247 deseraa

330 2283 366 2349 Si
380 2288 416 2349 te
430 2283 466 2348 in
480 2284 634 2371 germani
649 2285 765 2350 fratris
780 2284 882 2350 dilexi
897 2285 971 2350 loco

331 2386 410 2451 Siue
424 2386 508 2452 haec
522 2391 557 2452 te
572 2388 681 2453 solum
696 2387 829 2475 semper
842 2388 925 2453 fecit
939 2388 1090 2453 maxumi

331 2489 397 2556 Seu
411 2489 475 2555 tibi
488 2490 658 2578 morigera
671 2491 739 2556 sirit
754 2491 790 2555 in
805 2492 904 2557 rebus
919 2490 1084 2573 imbue,

329 2592 378 2658 Te
393 2591 449 2658 isti
463 2592 574 2657 uirum
590 2594 643 2676 dc,
659 2593 805 2660 amicum
821 2594 971 2660 tutorem
986 2598 1135 2681 patrem:
1255 2613 1282 2654 a

329 2695 427 2761 Bona
447 2694 563 2761 nistra
588 2697 671 2762 haec
693 2696 757 2762 tibi
778 2695 941 2785 permitto
965 2700 1000 2762 et
1022 2700 1101 2760 tuae
1123 2694 1248 2761 mandi>

371 2798 460 2864 fide?
1322 2780 1325 2786 ⁵

330 2900 431 2967 Hanc
445 2900 531 2966 mihi
548 2901 584 2966 in
600 2922 741 2968 manum
755 2902 833 2968 dat:
856 2900 945 2967 mers
960 2900 1121 2967 continuo
1139 2901 1248 2989 ipsam

371 3003 522 3091 ‹iccupat

329 3107 475 3195 Accepi:
515 3112 690 3194 acceptam
726 3106 877 3172 sdruabo,
936 3107 1019 3173 MY.
1056 3108 1112 3173 ita
1151 3107 1248 3195 speri>

372 3210 518 3298 quidem.

245 3313 319 3380 ΡΑ.
337 3313 405 3380 Sed
429 3312 513 3401 quir
539 3317 577 3377 tu
604 3312 677 3378 abis
703 3313 747 3377 ab
772 3311 852 3377 illai
911 3311 993 3378 MY.
1020 3297 1248 3379 Obstetricem

372 3415 516 3482 accerso.
561 3415 635 3482 ΡΑ.
655 3416 815 3502 Propera.
860 3419 963 3503 atque
980 3415 1105 3482 aidini

176 3530 235 3583 300
330 3519 485 3586 Verbum
506 3518 613 3584 inum
635 3539 718 3584 caue
740 3517 782 3584 de
805 3517 942 3606 nuptiia
962 3540 1004 3585 ne
1027 3520 1071 3584 ad
1092 3519 1283 3585 mdrbuma

371 3622 436 3688 hoc
454 3620 567 3687 etiam.
612 3621 695 3687 MY.
715 3621 837 3689 Teneo,
