2722 4222
610 500 898 602 recuccus

249 667 357 735 Poeta
371 688 475 756 quom
489 667 638 754 primum
652 666 802 732 animum
820 667 864 732 ad
879 666 1094 733 scribendum
1109 668 1250 756 impulit,

248 771 291 836 Id
306 770 369 836 sibi
384 770 501 858 negoti
516 769 659 836 credidit
674 769 785 835 sohim
800 769 883 853 dari,

248 872 383 960 Populo
397 873 436 937 dt
451 873 625 960 placerent
641 872 723 960 ques
737 873 873 939 fecisset
887 872 1031 938 febulas.

248 975 380 1042 Verum
395 975 493 1041 eliter
507 974 641 1040 euenire
658 974 768 1039 multo
783 975 969 1062 intellegit:

221 1077 342 1144 cnam
357 1079 392 1142 in
407 1077 555 1166 prelogis
570 1076 757 1144 scribendis
772 1098 910 1164 operam
926 1077 1088 1161 abicitur,

248 1181 329 1247 Non
344 1181 402 1268 qui
417 1181 656 1268 argumentum
671 1180 796 1263 nerret,
808 1180 868 1245 sed
883 1180 942 1267 qui
955 1179 1108 1246 meliuoli

248 1283 385 1350 Veteris
400 1288 522 1370 poetae
538 1282 726 1348 meledictis
741 1281 950 1369 respendeat.

248 1386 359 1468 Nunc,
370 1387 472 1473 quem
482 1405 555 1451 rem
570 1384 656 1450 uitio
667 1384 759 1468 dent,
770 1404 895 1471 quaeso
906 1384 1059 1450 animum
1070 1382 1249 1450 aduertite.

248 1487 435 1553 Menender
449 1488 532 1553 fecit
546 1472 715 1552 [ludriam
731 1491 765 1552 et
781 1486 1001 1553 Perinthiam.

202 1597 239 1648 10
249 1589 316 1668 Qui
331 1590 496 1655 utremuis
511 1595 603 1655 recte
618 1589 716 1672 uerit,
727 1590 847 1655 ambas
862 1590 1013 1655 neuerit:

248 1682 330 1757 Non
344 1691 395 1757 ita
409 1699 487 1757 sunt
503 1692 655 1758 dissimili
670 1692 881 1780 argumente,
894 1693 954 1758 sed
969 1698 1086 1758 tamen

248 1793 414 1859 Dissimili
430 1793 580 1860 oratiene
596 1799 674 1860 sunt
689 1795 802 1861 iactae
818 1796 856 1860 ec
871 1796 929 1860 stil
952 1846 959 1860 .
1010 1854 1012 1858 Α

249 1896 345 1975 Quae
360 1896 546 1963 cenuenere
561 1897 597 1961 in
612 1881 781 1961 Andriam
796 1918 840 1962 cx
854 1896 1033 1962 Perinthia

249 1999 394 2066 Fatetur
410 1998 623 2065 transtulisse
637 2004 740 2086 atque
755 2019 854 2063 usum
868 1997 929 2085 pre
945 1999 1021 2063 suis

203 2103 238 2155 15
249 2101 292 2166 Id
307 2101 363 2166 isti
381 2101 579 2188 uituperant
593 2101 724 2166 fectum
739 2105 841 2187 atque
856 2101 892 2164 in
908 2121 948 2166 eo
963 2100 1139 2188 disputant

250 2203 485 2270 Contaminari
499 2202 567 2268 nen
582 2202 702 2268 decere
716 2202 859 2268 febulas.

133 2315 136 2319 ’
249 2305 438 2371 Faciuntne
453 2305 690 2393 intellegendo,
703 2310 743 2370 ut
758 2304 844 2369 nihil
858 2304 1082 2394 intellegenti

249 2407 317 2487 Qui
330 2429 435 2496 quom
449 2408 540 2474 himc
554 2412 724 2491 accusant,
737 2407 908 2474 Naeuium
923 2408 1087 2475 Plautum
1104 2396 1254 2476 Ennium

248 2510 432 2594 Accirsant,
444 2531 528 2597 quos
542 2510 598 2574 hic
613 2509 727 2576 nester
741 2509 898 2576 auctores
913 2510 1026 2594 habet,

199 2613 239 2668 ⁶20
250 2611 402 2690 Quorum
419 2611 584 2678 aemulari
598 2611 740 2699 exeptat
755 2611 1009 2700 neglegentiam

249 2713 369 2780 Potids
383 2735 487 2803 quam
500 2714 643 2780 istorum
658 2714 837 2780 obscriram
852 2714 1075 2802 diligentiam.

250 2816 383 2882 Dehinc
398 2817 437 2882 rit
455 2818 629 2905 quiescant
643 2816 744 2905 perro
759 2838 883 2883 moneo
899 2825 934 2883 et
949 2817 1107 2885 desinant
1190 2825 1196 2836 '

249 2918 342 2985 Male
357 2919 478 3003 dicere,
490 2919 670 2986 malefecta
687 2940 731 2985 ne
746 2921 887 2986 noscent
902 2940 971 3008 sua.

249 3021 387 3105 Fauete‚
400 3022 517 3088 adeste
531 3042 639 3109 aequo
654 3021 767 3087 enimc
782 3026 817 3087 et
831 3042 905 3086 rem
920 3021 1124 3108 cognescitc,

201 3132 238 3184 25
249 3123 300 3190 Vt
318 3123 535 3211 pernoscatis
549 3123 667 3211 ecquid
682 3123 754 3210 spei
769 3123 813 3188 sit
828 3122 1009 3189 relicuom:

249 3224 398 3292 Posthec
412 3245 496 3313 quas
510 3224 614 3290 faciet
629 3224 671 3290 dc
685 3224 822 3311 integro
837 3223 1040 3308 comoedias,

250 3327 462 3415 Spectendac
477 3347 521 3392 an
536 3325 724 3414 exigendae
742 3325 811 3392 sint
826 3324 923 3392 uobis
938 3326 1041 3413 prius.
