2722 4222
634 283 811 334 PROLOGVS.

221 435 276 501 Ne
294 436 370 523 plis
388 437 540 524 iniquom
557 437 662 524 pessit
681 458 784 524 quam
801 457 946 524 aequom
964 435 1081 500 oretis.

221 540 338 605 Facite
353 540 452 628 aequi
467 541 558 606 sitis:
581 541 660 605 dete
676 541 846 606 crescendi
861 539 1001 627 sepiam,

222 642 399 708 Nouerum
414 644 472 731 qui
486 644 662 730 spectindi
676 643 807 709 iaciunt
825 642 966 730 eepiam,

173 760 211 810 30
223 746 301 811 Sine
316 746 425 812 uitiis:
449 768 492 813 ne
507 747 563 812 ille
579 746 689 834 prese
705 746 834 812 dietum
850 745 1042 827 existumet,

222 849 289 927 Qui
306 849 415 937 miper
430 849 512 915 feeit
531 849 628 916 seruo
647 849 795 915 currenti
812 849 847 913 in
864 849 921 913 uia

221 951 366 1019 Decesse
384 953 567 1040 populum:
590 951 675 1040 quer
692 953 812 1018 insano
830 951 977 1017 seruiatt

221 1054 275 1120 De
292 1054 381 1120 illius
398 1055 545 1142 peccatis
563 1055 661 1142 plima
679 1054 778 1136 dicet,
795 1053 896 1141 quem
914 1052 1010 1118 dabit

221 1156 316 1222 Aliis
334 1177 450 1239 neuun,
465 1157 530 1222 nisi
547 1157 655 1222 finem
672 1155 860 1223 maledictis
878 1155 971 1220 facit.

174 1273 210 1324 35
222 1259 352 1325 Adeste
370 1280 478 1346 aequo
496 1260 627 1325 animo:
651 1260 729 1325 dete
746 1258 954 1348 potestatem
971 1256 1056 1322 mihi

222 1363 406 1428 Statiriam
423 1367 581 1450 agerent
599 1362 699 1428 liceat
717 1383 778 1450 per
796 1361 985 1427 silentium:

221 1465 276 1531 Ne
294 1465 426 1552 semper
443 1486 557 1531 seruos
575 1465 720 1548 cernens,
736 1465 844 1530 iratis
862 1484 974 1547 senex,

220 1568 318 1633 Edex
335 1569 512 1655 parasitus
528 1568 738 1656 sycophanta
757 1572 872 1633 autem
889 1566 1066 1654 inpudens,

221 1670 356 1736 Auerus
373 1671 461 1754 lene,
477 1670 616 1737 adsidue
633 1671 757 1758 agendi
775 1669 843 1736 sint
860 1670 945 1735 mihi

173 1773 377 1839 4001am6re
395 1795 536 1857 summo,
553 1774 630 1840 oiim
647 1773 764 1839 labore
781 1774 951 1838 mexum0.

222 1876 302 1941 Mea
313 1877 414 1942 caiisa
428 1897 565 1943 eausam
577 1877 666 1942 hanc
681 1876 807 1941 iustam
818 1896 889 1942 esse
900 1875 1052 1941 animum
1066 1875 1226 1959 indicite,

222 1979 273 2044 Vt
292 1979 403 2066 eliqua
419 2000 499 2066 pars
517 1979 640 2045 laberis
657 1979 831 2045 minuatim
846 1978 940 2044 mini.

222 2081 315 2147 Nam
332 2082 423 2146 mine
440 2103 546 2148 nouas
564 2083 622 2170 qui
643 2082 805 2164 sexibunt,
821 2082 871 2146 nil
888 2081 1032 2168 parcent
1051 2081 1141 2146 seni:

224 2185 346 2272 Siquae
364 2184 530 2251 laberiesa
547 2190 608 2269 est,
624 2186 669 2250 ad
686 2205 741 2250 me
760 2185 924 2250 eiirritur:

174 2300 212 2352 45
225 2287 259 2352 si
277 2287 362 2353 lenis
379 2291 440 2370 est,
456 2288 501 2353 ad
518 2287 621 2352 elium
640 2287 793 2353 defertin
810 2306 958 2374 gregem.

224 2389 266 2454 ln
283 2390 346 2454 hee
364 2395 415 2455 est
432 2410 519 2477 pura
537 2389 656 2456 aretio.
702 2390 913 2477 experimini,

224 2490 266 2556 In
285 2493 461 2579 utremque
477 2496 612 2579 partem
630 2492 805 2580 ingenium
823 2492 904 2579 quid
922 2491 1030 2578 possit
1049 2511 1173 2555 meum.

226 2594 277 2676 [Si
293 2593 481 2682 nimquam
498 2615 600 2661 auare
617 2594 765 2681 pretium
783 2593 888 2659 statui
906 2593 972 2658 arti
990 2612 1087 2658 meae

224 2696 270 2762 Et
288 2717 366 2762 eum
386 2697 457 2763 esse
475 2703 654 2785 quaestum
670 2697 707 2762 in
725 2696 876 2762 enimum
893 2695 1013 2759 induxi
1030 2695 1229 2760 maxumum

176 2800 337 2878 50Quam
353 2801 513 2865 mexume
531 2800 655 2866 seruire
673 2799 797 2866 uostris
815 2797 1000 2864 eemmodis
1012 2801 1033 2883 :]

226 2901 430 2989 Exemplum
448 2903 590 2969 statuite
607 2903 643 2966 in
660 2924 724 2985 me,
740 2907 779 2967 ut
797 2900 1040 2967 adulescentuli

226 3002 336 3070 Vobis
352 3003 485 3092 plaeere
503 3004 662 3070 stiideant
679 3003 793 3093 potius
811 3004 913 3091 quem
931 3002 1004 3069 sibi.
