2722 4222
215 274 267 324 1v.
280 275 308 325 3.
321 275 424 327 37-4.
438 276 456 326 7
506 274 665 325 Huavuou
690 272 932 324 TIMORVMENOS.
1158 276 1219 338 101

147 429 203 488 715
300 425 353 490 Ti
370 425 441 491 fors
459 425 541 513 quid
558 447 614 492 me
632 425 696 492 fiat
718 426 815 514 parui
834 425 964 512 pendis,
981 425 1062 490 dum
1080 425 1129 489 illi
1147 424 1221 490 con·
1298 466 1300 471 -

342 529 394 593 sul
433 580 440 593 .

215 604 283 695 SY.
301 548 557 714 Quidissmalum,
576 650 631 697 me
655 631 804 697 actitem
827 651 942 697 censes
966 630 1054 697 uelle
1077 630 1113 694 id
1136 629 1221 696 adsi-

341 733 521 800 mulariert

299 818 399 902 Vnus
422 840 474 902 est
496 836 577 920 dies,
597 836 679 901 dum
701 841 883 924 argentum
905 836 1027 924 eripio:
1057 857 1142 924 pax:
1172 836 1222 901 nil

343 939 496 1026 amplius.

208 1026 281 1106 cL.
300 1039 450 1106 Tantum
464 1051 517 1108 sat
531 1041 655 1108 habesi
674 1041 756 1130 quid
769 1046 845 1107 tum
859 1063 992 1130 quaese,
1003 1042 1032 1108 si
1046 1042 1110 1108 hoc
1124 1047 1255 1130 patero

342 1145 536 1211 resciueriti

216 1247 284 1313 SY.
302 1246 392 1326 Quid
415 1248 444 1314 si
465 1248 568 1315 redeo
591 1248 636 1314 ad
657 1247 734 1314 illos
757 1249 816 1336 qui
839 1247 936 1314 aiunt
960 1247 1110 1336 ‘quidsi
1132 1268 1222 1314 nunc

345 1350 477 1417 caelum
496 1351 609 1417 ruati’

149 1450 281 1519 7200L.
300 1452 420 1519 Metuo
442 1452 524 1541 quid
546 1474 658 1541 agam.
714 1453 782 1519 sY.
801 1452 948 1519 Metuisi
971 1453 1068 1541 quasi
1090 1474 1159 1519 non
1181 1453 1222 1520 ea

342 1561 494 1642 potestas
515 1555 559 1622 sit
580 1553 650 1640 tua,

302 1657 377 1737 Quo
399 1659 484 1725 uelis
505 1659 714 1746 intempore
734 1664 773 1724 ut
790 1664 825 1724 te
848 1658 1010 1742 exsoluaS,
1026 1679 1100 1725 rem
1117 1659 1221 1726 facias

367 1762 465 1827 alam.

216 1852 281 1928 oL'.
301 1782 379 1950 Iigpe
396 1885 469 1951 age,
482 1865 680 1930 traducatur
697 1864 848 1930 Bacchis.
895 1865 962 1931 sY.
981 1851 1131 1953 Optume
1148 1867 1223 1954 ipsa

344 1967 414 2032 exit
430 1967 530 2033 foras

216 2237 416 2302 BAOOHIS.
441 2239 604 2303 OLINIA.
629 2241 781 2321 SYRVS.
807 2241 978 2304 DROMO.
1003 2242 1220 2305 PHRYGIA.

216 2361 291 2428 BA.
303 2363 393 2429 Satis
408 2364 465 2452 pol
481 2369 641 2452 proterue
657 2365 713 2432 me
729 2366 807 2454 Syri
823 2366 988 2453 promissa
1002 2365 1069 2432 huc
1086 2366 1256 2436 induxi-4

346 2471 428 2532 runt

303 2517 556 2638 Decem'minas
566 2593 650 2660 quas
665 2572 749 2638 mihi
760 2572 842 2639 dare
855 2571 1026 2660 pollicitus
1040 2576 1102 2638 cst.
1132 2572 1223 2660 quod

344 2674 591 2741 s11sn1incme

302 2776 494 2865 Deciperit,
506 2798 606 2865 saepe
624 2776 801 2844 obsecrans
818 2798 873 2844 me
888 2782 927 2843 ut
944 2776 1081 2844 ueniam
1095 2776 1224 2844 frustra

344 2879 476 2945 ueniet:

302 2981 376 3048 Aut
394 2981 496 3069 quom
518 2987 699 3049 uenturam
716 2983 833 3049 dixero
855 2989 890 3050 ct
912 2982 1128 3067 constituero,
1144 3004 1223 3049 cum

344 3085 373 3150 is
390 3084 462 3151 cert

301 3107 531 3273 Renuntiaerit,
542 3187 692 3276 Clitipho
703 3210 807 3277 quom
817 3189 854 3253 in
864 3188 923 3276 spei
934 3190 1095 3276 pendebit
1107 3189 1244 3275 animis

302 3290 479 3378 Decipiam
489 3312 529 3357 ae
539 3312 609 3357 non
619 3291 763 3375 ueniam,
775 3291 880 3380 Syrus
891 3292 976 3356 mihi
986 3291 1085 3379 tergo
1095 3313 1223 3379 poenas

371 3392 482 3459 endet.

127 3586 130 3592 Ι
216 3497 282 3565 OL.
303 3415 393 3563 Saiis
418 3495 501 3562 scite
526 3496 698 3584 promittit
723 3496 796 3562 tibi.
857 3497 924 3563 SY.
944 3495 1053 3585 Atqui
1074 3503 1114 3563 tu
1135 3497 1223 3566 hanc
1329 3465 1334 3474 ⁹

343 3599 448 3667 iocari
470 3598 598 3667 oredist
697 3686 701 3691 ,
