2722 4222
204 295 262 345 111.
275 296 302 345 1.
315 295 491 347 roo-me
523 294 683 345 uuivrou
705 295 948 348 rruouvuuuos.
1166 299 1207 362 89

292 446 397 533 Syrus
413 445 464 511 est
479 445 694 532 prendendus
709 447 810 535 dtque
826 447 1058 514 adhortandus
1073 448 1167 514 mihi.
1216 473 1255 514 100

136 564 195 616 510
290 548 325 613 A
340 549 395 614 me
410 550 521 614 nescio
536 550 610 635 quis
625 548 714 614 exit:
737 550 882 615 concede
897 550 975 615 hinc
990 551 1139 635 domum,

290 651 345 717 Ne
360 650 485 716 nosmet
498 651 589 715 inter
603 649 663 717 nos
681 672 868 739 congruere
882 653 1040 719 sentiant.

476 935 644 998 SYRVS.
694 935 937 998 CHREMES.

207 1059 274 1126 SY.
291 1060 367 1126 Hac
381 1059 459 1126 illac
473 1059 715 1126 circumcursa:
737 1059 1013 1127 inueniunddmst
1028 1065 1155 1147 tumen,
1219 1072 1241 1141 2
1294 1091 1297 1097 ·

292 1161 505 1251 Argentum:
528 1162 736 1228 intendenda
750 1161 786 1227 in
801 1183 915 1229 senem
929 1169 981 1228 est
996 1163 1140 1231 fclltcia.

207 1265 282 1331 OH.
291 1265 386 1330 Num
400 1265 455 1330 me
469 1264 594 1331 fefellit
608 1264 709 1331 hosce
723 1266 759 1330 id
773 1267 921 1331 strueret
939 1265 1106 1351 uidelicet,

138 1374 196 1426 515
292 1367 356 1434 ssle
371 1368 501 1434 Cliniae
516 1368 631 1434 seruos
644 1369 904 1435 tardiusculust:

292 1470 424 1537 Idcirco
438 1471 518 1536 huic
533 1477 649 1537 nostro
664 1472 823 1537 treditast
838 1472 1021 1559 prouincia.
1219 1491 1233 1532 o

207 1573 276 1639 SY.
296 1574 379 1652 Quis
390 1573 445 1638 hic
460 1573 628 1660 loquitur?
646 1574 740 1661 perii.
773 1574 856 1639 mim
867 1595 949 1639 nem
963 1575 1047 1641 haec
1061 1575 1211 1642 audiuiti

337 1676 412 1743 OH.
430 1676 524 1763 Syre.
571 1676 638 1741 SY.
655 1676 757 1741 Hem.

207 1780 281 1846 OH.
293 1779 383 1858 Quid
398 1783 437 1843 tu
452 1778 547 1844 istic?
592 1778 660 1843 SY.
676 1778 791 1844 Recte.
836 1779 992 1866 equidem
1007 1785 1043 1846 te
1055 1781 1210 1865 demiror,

336 1882 507 1963 ChremeS‚

292 1987 378 2052 Tam
400 1986 509 2067 metue,
528 1984 586 2071 qui
609 1984 683 2049 heri
705 1984 841 2049 trintum
864 1986 997 2050 biberis.
1052 1986 1127 2051 CH.
1151 1986 1211 2051 Nil

334 2110 444 2153 nimie.

138 2198 197 2250 520
209 2192 275 2257 SY.
293 2192 347 2257 ‘N
347 2192 389 2255 il'
406 2190 543 2255 ndrrcst
566 2189 640 2255 uisu
654 2189 779 2271 udrost
793 2191 884 2277 quod
899 2190 963 2256 dici
979 2192 1074 2274 solet,

292 2293 439 2383 Aquilae
456 2298 619 2359 senectus.
665 2292 740 2358 ΟΠ.
758 2292 856 2359 Heio.
903 2293 970 2360 SY.
987 2294 1111 2360 Mulier
1125 2293 1230 2362 com-1

334 2397 486 2462 modoet
1221 2425 1227 2432 ·

292 2500 418 2566 Facete
440 2499 523 2564 heco
544 2498 715 2564 meretrix.
770 2497 844 2563 OH.
870 2498 966 2563 Sdne.
1021 2499 1088 2565 SY.
1112 2499 1210 2565 Idem

335 2602 410 2667 uiso
432 2600 483 2666 est
505 2600 589 2665 cibit

292 2702 338 2767 Et
364 2701 502 2790 quidem
533 2700 646 2766 hercle
673 2699 785 2766 forme
817 2698 996 2765 luculenta.
1056 2701 1131 2767 OH.
1156 2701 1210 2769 Sic

335 2805 427 2871 setis,

207 2907 276 2975 SY.
292 2907 349 2974 Ita
366 2908 432 2973 ndu
448 2913 487 2972 ut
503 2907 594 2988 olim,
607 2905 667 2972 sed
681 2905 732 2971 uti
747 2926 846 2988 nunc,
859 2904 939 2970 sane
953 2906 1062 2972 bona:

137 3020 196 3075 525
292 3009 511 3097 Minumeque
525 3009 640 3090 miror,
653 3008 763 3074 orinia
776 3007 864 3073 hanc
879 3007 907 3073 si
922 3007 1071 3095 deperit:

292 3113 359 3180 Sed
388 3112 492 3177 habet
520 3116 655 3199 petrem
683 3111 853 3198 quendem
881 3111 1027 3194 duidum,
1050 3113 1210 3180 miserum
1219 3133 1244 3173 1⁶

334 3222 437 3304 etque
459 3215 591 3280 dridum
644 3284 649 3291 ,

291 3318 452 3384 Vicinum
469 3318 577 3383 hunc:
601 3315 735 3381 nostin?
758 3317 793 3381 dt
811 3316 907 3402 quasi
925 3316 953 3380 is
971 3337 1041 3381 non
1058 3316 1150 3384 ditiis

291 3419 465 3504 Abundet,
481 3425 605 3508 gnatus
624 3419 693 3484 eius
710 3419 864 3506 profugit
882 3417 1004 3505 inopia.

293 3523 364 3591 Scis
389 3523 460 3588 esse
483 3523 614 3588 iactum
638 3527 678 3587 ut
703 3520 798 3587 door
857 3520 932 3586 OH.
963 3521 1054 3599 Quid
1080 3542 1144 3612 ego
1170 3523 1210 3589 nt

335 3626 459 3692 sciam?
