2722 4222
150 248 192 312 24
581 245 716 296 lunam.
915 244 956 295 11.
971 246 999 296 c.
1014 244 1154 296 21—ss

82 414 139 469 395
235 397 328 463 Nam
345 396 435 484 quid
452 401 492 462 tu
509 417 639 485 speres:
663 394 882 485 ‘prdpulsabo
896 395 997 461 sicile
1013 415 1156 461 uxorem

280 499 332 565 his
349 499 516 565 minibus:

236 602 343 668 Dabit
365 601 504 668 nemo’:
527 602 678 668 inueniet
699 602 837 690 inopem
857 600 1098 689 potiusquam
1118 604 1155 666 te

278 704 448 791 corrumpi
465 704 563 770 sinat.

236 807 304 873 Sed
318 807 346 873 si
360 814 395 872 te
406 828 514 895 aequo
525 808 639 874 animo
649 807 740 873 ferre
755 806 907 894 accipiet,
918 805 1157 894 neglegentem

280 909 418 976 feceris:

237 1012 355 1079 Aliam
376 1012 507 1079 dtiosus
524 1012 679 1102 quaeret:
702 1013 832 1079 interea
850 1011 976 1100 dliquid
996 1010 1156 1078 acciderit

279 1115 368 1181 boni.

152 1217 227 1284 PA.
240 1217 321 1284 Itan
342 1218 470 1284 credisi
523 1217 602 1284 DA.
627 1218 731 1284 Haud
754 1217 894 1282 dubium
918 1216 953 1281 id
976 1217 1192 1305 quidemsta

281 1319 355 1386 PA.
371 1321 463 1387 Vide
477 1320 544 1409 qud
556 1341 613 1387 mc
627 1321 776 1386 inducas,
821 1318 899 1386 DA.
920 1319 1011 1398 Quin
1025 1321 1139 1386 taccsi

84 1435 143 1489 400
153 1423 227 1490 PA.
241 1424 370 1489 Dicam.
411 1444 556 1511 puerum
571 1428 686 1490 autem
700 1422 744 1488 ne
758 1423 914 1488 resciscat
929 1421 1013 1487 mihi
1027 1443 1099 1489 esse
1114 1443 1158 1488 ex

280 1526 340 1592 illa
354 1526 518 1593 caitiost:

143 1635 146 1641 '
239 1625 333 1694 Nam
352 1628 522 1716 pellicitus
544 1649 620 1694 sum
641 1627 883 1715 suscepturum.
928 1627 1006 1693 DA.
1032 1627 1158 1694 Oiici·
1274 1666 1278 1671 -

281 1751 345 1796 nus
362 1729 484 1796 audax,
529 1729 604 1797 PA.
623 1730 724 1796 Hanc
741 1730 847 1796 fidem

241 1832 312 1899 Sibi
327 1853 382 1899 mc
399 1832 597 1916 dbsecrauit,
610 1833 667 1920 qui
682 1854 717 1898 se
735 1832 835 1899 sciret
853 1832 921 1898 ndu
935 1833 1157 1918 deserturum,

282 1935 321 2001 rit
336 1936 463 2002 darem.

154 2037 233 2103 DA.
246 2038 437 2104 Ourabitur.
478 2038 537 2104 sed
548 2039 644 2125 pitter
654 2037 760 2103 adest.
803 2059 885 2104 caue
896 2038 932 2105 te
943 2060 1013 2106 esse
1025 2039 1159 2106 tristem

283 2141 417 2207 sentiat.

341 2352 454 2415 SIMO.
498 2351 657 2415 DAVOS.
700 2351 970 2415 PAMPHILVS.

156 2466 208 2533 SI.
241 2465 367 2532 Reuiso
383 2467 465 2555 quid
483 2471 589 2554 agant
606 2467 666 2532 ait
684 2466 767 2554 quid
784 2470 923 2554 captent
939 2465 1063 2533 crinsili.
1169 2465 1195 2534 Φ

86 2569 314 2636 insufflo
341 2569 431 2634 nime
459 2591 529 2636 non
557 2569 701 2652 dubitat,
726 2569 808 2657 quin
836 2576 872 2634 te
898 2569 1079 2635 ducturrim
1107 2591 1161 2636 ne-

283 2692 352 2760 ges

241 2773 348 2841 Venit
366 2774 550 2840 meditatus
567 2772 720 2839 alicunde
738 2794 781 2839 ex
798 2773 869 2839 sold
885 2774 979 2840 loco:

243 2877 441 2944 Orationem
457 2877 571 2964 sperat
588 2876 755 2942 inuenisse
773 2897 818 2960 se,

242 2979 310 3058 Qui
327 2978 464 3046 differat
480 2984 535 3046 tc:
557 2979 657 3067 prcin
673 2983 712 3044 tu
730 2979 785 3045 iac
803 2979 894 3067 apud
912 2983 948 3045 te
965 2980 1004 3044 rit
1021 2978 1095 3045 sies.
1169 2998 1185 3039 c

156 3082 231 3150 PA.
242 3081 348 3148 Modo
362 3087 401 3148 ut
415 3081 550 3169 plissim,
563 3082 670 3147 Daue.
716 3081 795 3146 DA.
817 3080 925 3148 Crede
942 3082 1082 3169 inquam
1097 3081 1162 3148 hoc

284 3184 379 3267 mihi,
391 3184 578 3272 Pamphile,

89 3304 148 3359 410
243 3287 442 3375 Numquam
458 3286 558 3353 hddie
575 3291 690 3353 tecum
708 3285 994 3353 cdmmutaturrim
1010 3290 1145 3375 patrem

244 3390 361 3456 Vnum
379 3389 451 3458 esse
468 3388 620 3474 uerbum,
636 3389 665 3456 si
681 3392 717 3456 te
735 3389 826 3456 dices
844 3389 974 3458 dicere.
