2722 4222
150 285 192 347 42
302 339 306 344 ,
584 253 720 331 ANDRIA.
944 282 997 332 1v.
1010 283 1037 333 2.
1053 282 1151 334 meo
1212 282 1215 288 ·

236 433 272 499 si
306 432 430 520 pdterit
463 432 548 516 fieri,
579 437 617 497 ut
645 432 688 498 ne
720 438 819 519 pater
846 453 907 520 per
934 432 990 498 me
1019 432 1151 499 stetisse

277 536 402 602 credat.

83 638 140 700 700
236 639 312 718 Quo
328 639 439 704 minus
456 638 540 703 haee
557 638 679 703 fierent
697 637 846 724 nuptiae,
862 635 956 703 uolo.
993 637 1052 703 sed
1070 638 1098 704 si
1115 638 1151 703 id

275 762 345 807 non
358 739 493 829 poterit,

234 845 276 910 Id
290 845 423 927 ftoiam,
436 844 471 907 in
486 842 627 931 procliui
642 843 732 931 quod
747 847 808 926 est,
818 863 879 930 per
893 842 948 909 me
964 843 1097 909 stetisse
1112 849 1150 908 ut
1247 919 1250 925 Α
1325 811 1338 850 ⁵

278 947 402 1013 eredat.

234 1050 318 1130 Quis
354 1049 493 1114 uideori
552 1047 627 1114 OH.
654 1047 767 1131 Miser,
796 1069 904 1136 aequo
939 1050 1040 1137 itque
1076 1070 1149 1138 ege.

275 1153 354 1219 DA.
374 1151 563 1218 Consilium
580 1170 714 1238 quaero.
759 1151 834 1217 OH.
854 1150 985 1217 Fonti’s.

149 1257 222 1324 PA.
236 1256 312 1322 Soio
333 1254 415 1343 quid
436 1274 567 1320 conere.
620 1252 699 1319 DA.
724 1252 801 1319 Hoo
823 1252 888 1341 ego
909 1254 973 1320 tibi
994 1255 1186 1342 proiectos

276 1358 436 1424 effectum
452 1356 601 1424 reddam.

149 1461 223 1528 PA.
236 1448 312 1527 Idm
347 1460 412 1526 hoo
448 1459 531 1548 opus
563 1464 623 1525 est.
686 1459 764 1525 DA.
799 1460 891 1538 Quin
926 1461 996 1527 ium
1031 1461 1149 1526 habeo.

277 1563 351 1628 OH.
376 1562 467 1640 Quid
492 1563 564 1628 esti
619 1561 697 1629 DA.
721 1562 821 1646 Huic,
842 1563 910 1630 ndn
935 1564 998 1629 tibi
1024 1564 1149 1629 habeo:

276 1685 319 1730 ne
337 1663 435 1731 erres.

82 1768 223 1835 tosoH.
238 1767 299 1833 Sat
316 1767 434 1833 htbeo.
479 1766 553 1832 PA.
574 1767 664 1845 Quid
682 1767 807 1833 faciest
830 1768 923 1833 cedo.
970 1767 1049 1834 DA.
1068 1768 1151 1833 Dies

276 1869 399 1934 hiemi
416 1875 455 1935 ut
473 1870 554 1935 satis
573 1870 617 1935 sit
634 1869 754 1936 udreor

234 1972 292 2038 Ad
310 1972 498 2059 agendum:
521 1993 564 2038 ne
581 1993 724 2037 ueouom
746 1971 817 2038 esse
834 1993 890 2039 me
911 1993 1001 2038 nuno
1018 1973 1061 2039 td
1078 1993 1152 2039 nar-

276 2074 422 2140 randum
440 2073 576 2140 eredas:

235 2177 384 2243 Proinde
409 2176 488 2242 hino
513 2197 574 2243 uos
600 2176 806 2243 amolimini:
836 2198 917 2244 nam
942 2178 990 2243 mi
1016 2173 1153 2266 impedi-

278 2285 395 2350 mento
413 2280 501 2346 estis.
1157 2312 1161 2318 ·

150 2384 225 2452 PA.
238 2383 313 2474 Ego
330 2383 418 2449 hano
436 2383 598 2448 uisum—
642 2383 720 2450 DA.
745 2384 835 2461 Quid
853 2384 913 2449 tui
936 2404 1005 2474 quo
1020 2383 1100 2448 hino
1118 2388 1188 2448 tenu

278 2486 373 2573 ogisi
431 2486 505 2551 oH.
524 2486 656 2552 Vemim
677 2487 729 2552 uis
751 2486 884 2552 dioami
940 2487 1018 2552 DA.
1026 2475 1153 2551 ⁴'Immo

279 2589 384 2655 etiam

236 2691 451 2758 Nerrdtionis
473 2692 594 2780 incipit
617 2692 665 2757 mi
687 2693 833 2758 initium.
888 2692 963 2759 OH.
987 2691 1078 2770 Quid
1098 2711 1154 2757 me

278 2794 364 2860 dett

23 2976 24 2985 ἵ
84 2897 142 2960 '110
152 2896 231 2962 DA.
241 2896 317 2963 Eho
335 2902 374 2961 tu
396 2896 572 2985 inpudens,
588 2918 656 2964 non
675 2898 754 2964 sttis
772 2897 886 2981 habes
901 2897 992 2985 quod
1009 2896 1072 2962 tibi
1087 2897 1156 2963 die

280 2999 392 3064 oniam
407 3000 504 3084 oddo,

239 3100 415 3180 Quantum
436 3103 513 3168 huic
535 3124 719 3190 promoueo
741 3103 899 3190 miptiesi
949 3103 1023 3169 CH.
1048 3102 1154 3186 Daue,

281 3206 316 3270 ot
334 3210 493 3271 tamen—
536 3205 615 3271 DA.
635 3207 726 3284 Quid
744 3206 845 3294 drgo?

153 3306 228 3375 CH.
239 3307 291 3374 Vt
306 3308 437 3375 ducam.
482 3307 560 3374 DA.
580 3308 783 3374 Ridiculum.
830 3308 904 3374 OH.
924 3308 1003 3373 Hine
1018 3308 1094 3374 face
1111 3307 1156 3374 ad

281 3431 336 3476 me
350 3417 389 3476 ut
403 3410 529 3494 uenias,
542 3410 652 3499 siquid
666 3410 799 3498 poteris.

154 3511 233 3579 DA.
245 3511 336 3591 Quid
350 3512 503 3579 ueniam?
521 3512 570 3579 nil
584 3512 702 3580 habeo.
748 3512 823 3579 OH.
840 3496 891 3578 it
905 3518 1023 3582 temen
1038 3512 1155 3601 siquid.
1166 3536 1192 3577 so

284 3614 363 3680 DA.
380 3615 623 3703 Age,ueniam.
668 3615 743 3682 OH.
764 3614 889 3704 Siquid,
