2722 4222
177 285 219 347 90
459 282 617 335 Hunvuon'
642 284 884 335 TIMORVllENOS.
907 310 909 314 Α
963 285 1020 335 111.
1035 286 1063 336 2.
1079 285 1178 336 19-41

107 443 167 496 530
262 434 448 500 Hominem
461 435 606 523 pistrino
618 436 768 524 dignum.
801 436 869 502 SY.
883 437 1014 514 Quem?
1046 435 1179 502 ouis-

303 543 384 604 tunc
399 539 570 604 seruolum

261 639 347 706 Dico
363 642 594 724 adulescentis,
640 642 707 708 sY.
729 642 899 729 Spiratibi
913 642 1012 707 timui
1026 643 1124 708 male.
1186 660 1213 700 20

174 740 249 808 OH.
259 743 316 829 qui
347 745 463 830 pissus
496 749 548 809 est
580 743 615 808 id
647 741 733 810 fieri.
801 743 869 809 SY.
904 744 995 822 Quid
1026 744 1175 810 faceretl

301 845 376 912 OH.
400 845 537 934 Rogas?

257 946 398 1036 Aliquid
416 950 590 1036 reperiret,
605 949 752 1038 fingeret
769 949 930 1031 fallacias

256 1050 359 1117 Vnde
377 1051 465 1118 esset
483 1051 702 1136 adulescenti,
717 1053 846 1119 amicae
864 1051 954 1140 qudd
971 1052 1078 1137 daret,
1212 1124 1214 1128 ,

101 1160 158 1213 535
255 1152 372 1241 Atque
387 1153 478 1219 himo
493 1154 665 1220 difficilem
680 1154 826 1219 inuitum
841 1155 991 1220 seruaret
1007 1176 1130 1221 senem.

170 1254 237 1320 sY.
255 1255 382 1321 Garris.
428 1257 502 1323 OH.
520 1257 615 1323 Haec
630 1258 723 1322 iacta
741 1258 784 1322 ab
802 1257 860 1322 illo
876 1258 1064 1345 oportebat,
1078 1259 1209 1346 Syrou

169 1356 237 1423 SY.
254 1358 330 1424 Eho
352 1359 477 1446 quaeso
502 1359 630 1444 laudaS,
649 1359 707 1447 qui
733 1380 807 1425 eros
828 1359 975 1425 falluntl
1031 1359 1106 1426 OH.
1131 1347 1173 1425 In

295 1462 370 1528 loco
458 1516 463 1522 .
750 1526 757 1535 ,

252 1562 328 1651 Ego
344 1563 424 1630 uero
442 1565 553 1632 laudo.
600 1565 667 1631 SY.
687 1564 794 1630 Recte
810 1584 900 1629 sane.
945 1564 1019 1631 OH.
1040 1565 1173 1653 Quippe

295 1687 354 1754 qu1

252 1769 457 1857 Magnarum
471 1791 571 1859 saepe
586 1771 621 1835 id
635 1769 823 1837 remedium
838 1770 1143 1858 aegritudinumst:

97 1875 156 1927 540
255 1871 311 1938 Vel
325 1872 394 1938 iam
408 1873 487 1938 huic
502 1874 682 1939 mansisset
697 1874 816 1940 {micus
831 1874 956 1960 gnatus
971 1874 1074 1940 domi.

167 1973 234 2039 SY.
252 1973 375 2040 Iocone
392 1997 437 2040 an
455 1976 542 2042 serio
559 1976 656 2042 illaec
674 1976 765 2041 dicat
783 1975 905 2059 nescio,
1180 1997 1207 2037 so

250 2077 327 2142 Nisi
358 2078 443 2142 mihi
475 2078 612 2166 quidem
643 2079 739 2144 addit
773 2079 933 2162 animum,
960 2100 1027 2167 quo
1055 2079 1171 2145 lubeat

293 2200 411 2269 magis

166 2282 240 2348 ΟΗ.
250 2283 295 2347 Et
311 2284 401 2349 minc
417 2284 498 2372 quid
513 2284 696 2371 exspectat,
711 2283 815 2370 Syrel
834 2305 879 2350 an
893 2285 975 2349 dum
989 2285 1046 2351 hic
1059 2285 1171 2354 denuo

250 2386 374 2470 Abeat,
391 2407 494 2474 quom
517 2387 663 2452 tolerare
681 2386 771 2452 illius
788 2394 943 2475 sumptus
961 2387 1029 2454 ndn
1047 2392 1169 2476 queatl

95 2495 152 2548 545
249 2488 375 2556 Nonne
415 2490 459 2554 td
497 2510 613 2556 senem
652 2489 801 2577 aliquam
840 2490 1004 2557 fabricam
1041 2493 1169 2580 fingat

293 2593 359 2658 sY.
380 2591 528 2658 Stolidus
550 2597 611 2658 est.

164 2681 307 2761 (ulid
325 2700 361 2761 te
379 2695 533 2761 alictare
550 2696 684 2783 oportet
702 2649 946 2762 adulescentuli
1177 2729 1205 2770 35
1321 2718 1325 2725 ·

249 2798 367 2863 Causa.
420 2797 488 2863 SY.
517 2799 631 2864 Facile
657 2799 814 2887 equidem
837 2800 949 2866 facere
974 2821 1121 2889 possum,
1140 2800 1168 2866 si

290 2901 385 2966 iubes
398 2923 404 2967 :

248 3002 384 3067 Etenim
399 3024 466 3089 quo
481 3009 582 3091 pacto
600 3005 636 3069 id
650 3004 728 3071 fieri
743 3006 861 3088 soleat,
874 3007 989 3072 calleo.

163 3104 360 3171 OH.Tanto
392 3104 505 3171 hercle
537 3106 665 3172 melior.
733 3107 800 3173 SY.
835 3106 915 3172 Non
947 3113 999 3173 est
1030 3106 1168 3172 mentiri

289 3228 413 3273 meum.

94 3311 315 3376 5500H.Fac
338 3311 429 3400 ergo,
485 3312 553 3378 SY.
573 3312 624 3378 At
646 3312 730 3378 heus
751 3318 800 3396 tu,
817 3313 922 3378 facito
944 3312 1026 3376 dum
1048 3312 1167 3377 eadem

289 3413 372 3479 haec
389 3413 592 3496 memineris,

247 3516 365 3604 Siquid
380 3517 479 3583 huius
494 3517 604 3583 simile
619 3515 708 3582 idrte
722 3517 903 3605 aliquando
919 3516 1079 3600 euenerit,
1174 3530 1202 3573 ⁴⁰

246 3619 297 3684 Vt
313 3618 391 3684 sint
407 3619 656 3705 humanatum
671 3623 711 3685 ut
726 3617 832 3686 faciat
847 3618 949 3686 filius,
