2722 4222
186 293 222 342 V.
233 292 260 343 2.
271 292 403 344 40-3.s
491 291 649 342 EEAVTON
674 290 917 344 TIMORVMENOS.
1128 289 1190 357 117

272 443 390 509 Solent
409 442 480 509 esse
491 465 508 509 ε·
522 443 558 508 id
575 463 645 509 non
659 444 710 509 fit.
756 442 821 510 OL.
838 441 971 509 Verum
986 440 1086 507 diois:
1109 439 1187 529 quid
1197 461 1223 500 40

313 566 378 634 ego
393 566 483 611 nunc
497 546 629 630 faciem,
644 547 747 634 Syre?

129 653 133 660 '
186 647 255 714 SY.
272 648 505 736 Suspicionem
526 650 634 715 istenc
657 670 699 715 ex
720 650 787 716 illis
809 648 952 737 quaere:
981 669 1053 715 rem
1074 647 1191 736 profer

314 752 437 840 pelam.

82 910 85 915 .
117 863 174 917 995
273 854 309 920 Si
331 854 399 919 nen
425 860 475 920 est
498 875 625 939 uerum,
645 855 689 921 ud
710 854 974 921 misericordium
996 854 1113 920 embos
1134 853 1191 918 nd-

313 956 415 1024 duces
433 957 509 1042 cite,

272 1058 346 1125 Aut
360 1060 461 1126 coibis
472 1061 592 1149 quoius
607 1061 661 1126 sio.
700 1060 766 1128 eL.
777 1060 885 1126 Recte
900 1059 1036 1126 suades:
1054 1059 1188 1124 seciam.

312 1162 431 1228 —SY.
449 1163 509 1228 Sat
524 1169 616 1230 recte
631 1163 693 1229 hec
708 1162 793 1228 mihi

271 1265 314 1329 In
327 1264 477 1331 mentem
492 1266 605 1332 uenit:
628 1267 709 1331 nem
720 1286 822 1354 quam
837 1285 996 1331 maxume
1011 1264 1089 1330 huic
1100 1285 1190 1331 uano

313 1367 397 1433 haec
412 1368 557 1455 suspicio

270 1469 355 1553 Erit,
365 1472 438 1535 tem
447 1469 620 1536 facillume
635 1471 742 1558 patris
752 1491 872 1559 pacem
881 1470 915 1534 in
928 1470 1019 1558 leges
1031 1469 1188 1537 conficiet
1196 1489 1224 1530 n

313 1593 399 1638 suas.

271 1675 387 1741 Etiam
404 1675 496 1740 haird
514 1676 582 1742 scio
599 1697 688 1742 anne
705 1675 846 1742 uxerem
863 1677 965 1742 ducat
980 1677 1018 1743 ec
1037 1677 1125 1763 Syro
1140 1678 1189 1742 nil

313 1778 452 1865 gretiae.

271 1881 362 1960 Quid
385 1881 450 1948 hoc
476 1882 612 1949 cirtem?
639 1905 741 1950 senex
767 1883 837 1950 exit
858 1883 968 1950 foras:
995 1904 1059 1971 ego
1080 1883 1187 1971 fugio.

313 1984 424 2051 adhuc
446 1986 538 2073 quod
554 1986 727 2072 fectumst,

269 2085 378 2153 Mirer
405 2108 476 2155 non
500 2088 579 2155 ilico
605 2090 713 2179 edripi
741 2091 848 2156 iusso:
880 2090 923 2155 ed
949 2089 1189 2156 Menedemum

312 2190 402 2257 hune
422 2191 575 2280 pergam.

269 2292 359 2359 Eum
389 2295 473 2360 mihi
505 2296 717 2384 precatorem
746 2317 847 2384 puro:
881 2294 997 2363 nostre
1029 2295 1110 2362 fidei
1139 2295 1190 2361 nil

312 2396 430 2462 hebeo.

433 2692 671 2756 SOSTRATA.
720 2693 936 2756 CHREMES.

184 2805 250 2872 SO.
269 2803 432 2872 Profecto
454 2806 519 2873 nisi
537 2807 636 2875 canes
657 2813 697 2874 tu
714 2807 827 2892 homo,
846 2807 973 2896 aliquid
991 2808 1097 2896 gneto
1112 2819 1217 2887 con-3

311 2906 404 2974 ficies
421 2909 522 2975 mali:

268 3009 376 3099 quue
394 3012 479 3077 edeo
495 3011 610 3096 miror,
626 3011 692 3101 que
708 3014 811 3080 modo

96 3119 172 3173 1005
269 3113 355 3179 Tam
374 3114 530 3202 ineptum
547 3116 729 3204 quicquam
751 3117 814 3181 tibi
835 3117 951 3183 uenire
972 3117 1008 3182 in
1026 3116 1185 3202 mentem,

310 3216 359 3281 mi
376 3217 439 3301 uir,
454 3216 613 3305 petuerit.

181 3319 256 3386 OH.
269 3319 334 3403 Oh,
349 3318 472 3408 pergin
489 3320 611 3386 mulier
633 3321 723 3388 esset
746 3321 919 3388 nullamne
941 3321 1005 3410 ego
1027 3342 1100 3387 rem
1117 3344 1188 3388 um·

309 3441 413 3508 quum
431 3421 467 3486 in
484 3421 557 3487 uite
573 3442 651 3488 mea

267 3522 382 3607 Volui,
401 3523 484 3612 quin
506 3528 546 3590 tu
573 3524 608 3589 in
634 3546 676 3592 eu
701 3525 738 3592 re
760 3525 808 3591 mi
834 3525 938 3594 fueris
962 3526 1207 3612 eduorsatrirr‚r

311 3625 483 3695 sestratct
