2722 4222
192 290 232 341 11.
247 291 275 342 ³.
290 289 390 343 60-79
478 288 637 341 amison
662 286 906 340 rmoavusuos.
1154 285 1197 354 79

320 441 472 507 Ancillas
500 441 657 529 primum,
681 441 725 506 ad
753 439 906 506 dominas
935 440 993 527 qui
1022 439 1233 505 adfectantes

362 565 463 610 mam.

192 646 313 713 OLIN.
323 646 443 734 Perge,
456 646 594 713 obsecro
608 651 653 730 te,
666 651 702 712 et
717 646 798 712 caue
815 667 859 712 ne
874 646 996 711 falsam
1011 645 1159 732 gratiam

321 750 464 815 Studeas
479 749 572 816 inire.
617 748 700 837 quid
714 754 774 832 ait,
786 748 846 814 ubi
859 769 915 814 me
929 748 1103 814 nominasl

193 851 261 917 sY.
320 851 392 918 Vbi
406 851 548 918 dicimus
562 851 687 918 redisse
702 856 738 917 te
753 855 788 917 et
803 851 923 939 rogare
937 851 989 915 uti

124 963 181 1014 305
320 954 464 1022 Veniret
478 955 522 1021 ad
536 960 581 1038 to,
593 954 715 1021 miilier
729 954 835 1019 telam
850 953 974 1019 desinit

320 1056 491 1123 Continuo
506 1062 540 1124 et
556 1057 715 1123 lacrumis
732 1055 900 1143 oppletos
915 1055 1027 1121 totiim
1042 1055 1114 1139 sibi,
1205 1076 1232 1117 cu

319 1160 372 1227 Vt
385 1160 485 1225 facile
499 1161 600 1226 scires
615 1159 780 1225 desiderio
795 1159 830 1223 id
844 1158 929 1224 fieri.

192 1261 313 1329 OLIN.
323 1262 411 1328 Prae
426 1263 561 1350 gaido,
574 1263 624 1328 ita
638 1283 694 1328 me
709 1261 744 1326 di
760 1267 886 1344 ament,
897 1260 956 1326 ubi
972 1262 1037 1327 sim
1050 1261 1181 1328 nescio:

321 1365 377 1432 Ita
402 1366 511 1432 timui.
567 1364 681 1432 OLIT.
705 1365 756 1431 At
785 1385 850 1453 ego
878 1365 928 1430 nil
956 1365 1027 1431 esso
1057 1365 1195 1448 scibam,

363 1469 483 1535 Clinia.

125 1591 183 1645 310
321 1570 399 1659 Age
414 1573 496 1637 dum
510 1573 665 1657 uicissim,
680 1573 702 1639 S
704 1574 774 1659 y're‚
788 1572 842 1638 dic
857 1591 944 1659 quae
961 1571 1053 1637 illast
1069 1573 1197 1639 alterat

194 1675 261 1741 sY.
320 1674 532 1741 Addioimus
560 1682 657 1742 tuam
682 1674 895 1755 Bacchidem.
955 1674 1070 1742 OLIT.
1094 1676 1195 1760 Hem,
1205 1695 1231 1738 u

364 1778 466 1866 quidl
489 1778 712 1845 Bacchideml

320 1867 397 1947 Eho
419 1882 566 1966 sceleste,
583 1883 649 1970 qui)
671 1883 766 1948 illam
789 1882 902 1949 ducisl
948 1882 1014 1949 SY.
1035 1882 1110 1960 Quo
1132 1903 1197 1970 ego

363 1984 480 2050 illaml
502 1986 546 2051 ad
563 2006 626 2052 nos
644 1986 780 2053 scilicet.

193 2086 308 2153 OLIT.
321 2069 379 2152 [ld
394 2091 587 2175 patremuel
629 2090 696 2156 sY.
709 2090 768 2155 Ad
783 2111 862 2156 eum
875 2089 996 2178 ipsum.
1037 2089 1196 2156 omno

363 2190 510 2257 hominis
524 2192 746 2280 inpudentem
764 2193 949 2259 audaciam
995 2193 1063 2259 sY.
1083 2193 1197 2259 Heus:

321 2292 401 2359 Ndn
419 2294 460 2358 fit
481 2294 552 2361 sino
573 2295 700 2383 periclo
717 2296 850 2362 facinus
872 2297 1035 2384 magnum
1052 2316 1115 2362 nec
1132 2316 1199 2361 me

364 2396 535 2463 manabile.

126 2497 508 2567 inenarranda:
530 2501 566 2565 in
584 2522 661 2568 mea
677 2501 750 2568 uita
767 2507 806 2568 tu
820 2501 885 2567 tibi
902 2501 1039 2568 laidem
1055 2501 1085 2566 is
1100 2521 1198 2589 quae-

364 2601 477 2684 situm,
494 2603 620 2669 scelusl
676 2661 679 2667 .

320 2686 392 2769 Vn
418 2703 448 2769 si
472 2704 648 2791 plumam
673 2705 776 2772 modo
801 2704 883 2792 quid
909 2712 945 2771 a
970 2704 1109 2792 segent,
1132 2725 1232 2794 egon

364 2804 531 2892 perierim.

323 2907 624 2985 cainonensi
663 2894 790 2976 suit
806 2911 939 2977 enim..
980 2909 1094 2977 oum.
1109 2908 1199 2987 cusu

367 3011 518 3076 ‘enim'l
563 3013 630 3079 SY.
648 3013 683 3078 Si
697 3014 796 3097 sinas,
809 3014 928 3080 dicam.
970 3013 1091 3081 OLIN.
1109 3013 1197 3078 Sino.

194 3113 309 3181 OLIT.
324 3112 416 3179 Sino
459 3114 526 3179 sY.
541 3114 596 3180 Ita
610 3136 663 3180 res
679 3121 729 3180 est
740 3116 825 3182 haec
840 3137 940 3198 nunc,
952 3116 1046 3204 quasi
1057 3136 1197 3203 quom..

366 3216 481 3282 CLIT.
499 3217 589 3295 Quas
604 3217 733 3282 malum
748 3217 909 3307 ambages
924 3218 1009 3283 mihi

323 3317 471 3385 Narrare
483 3319 626 3406 occipiti
663 3319 784 3387 OLIN.
799 3322 893 3409 Syre,
903 3342 1022 3387 uerum
1034 3321 1089 3387 hic
1101 3321 1199 3388 dicit:

366 3421 475 3505 mitte,
488 3422 533 3487 ad
547 3421 620 3488 rem
635 3423 716 3488 redi.

128 3533 185 3584 320
196 3523 264 3589 sY.
324 3509 427 3588 Enim
455 3544 537 3591 uero
566 3525 707 3592 reticere
735 3546 884 3615 nequeo:
914 3525 1124 3592 multimodis
1153 3525 1199 3591 in-

366 3626 480 3710 iunius,
