2722 4222
157 285 200 350 40
588 283 724 334 Auum.
951 285 1003 335 1v.
1019 284 1046 334 1.
1061 283 1159 336 asse

243 434 400 519 Suadere,
416 454 513 501 orare
530 454 637 522 usque
655 435 739 501 Adeo
757 435 864 501 donec
881 435 1039 523 perpulit.

156 537 231 606 ΘΗ.
243 536 325 617 Quis
355 537 458 603 homo
486 536 592 603 istuct
651 536 725 603 PA.
755 537 882 604 Dauos.
942 537 1017 603 OH.
1048 535 1160 615 Quam

284 639 420 706 obromt
473 638 548 705 PA.
572 638 706 723 Nesci0,
725 639 790 706 nisi
812 640 896 704 mihi

241 740 333 806 Deos
348 740 429 806 sttis
443 740 546 805 fuisse
560 740 664 804 irAtos
680 739 738 826 qui
752 740 1021 806 ausculttuerim.
1166 765 1193 805 ιο

86 850 143 903 665
155 842 229 910 ΟΗ.
240 843 384 909 Factum
395 842 458 908 hoc
470 847 530 926 ost,
540 841 658 908 Duuet
693 842 771 908 DA.
783 842 935 908 Ftctum.
970 842 1045 910 OH.
1056 843 1156 927 Hem,

281 944 362 1033 quid
376 933 436 1029 ais,
449 944 577 1010 scelust

238 1048 289 1114 At
305 1048 369 1114 tibi
386 1047 422 1112 di
440 1047 582 1135 dignum
599 1047 699 1113 fictis
717 1047 859 1114 exitium
876 1048 984 1114 duint.

237 1151 322 1233 Eho,
341 1149 396 1216 dic
420 1150 478 1233 mi,
497 1150 524 1215 si
547 1169 664 1216 omnes
689 1149 780 1216 himo
805 1151 996 1217 coniectum
1016 1151 1053 1215 in
1074 1151 1158 1240 nup

279 1254 345 1319 tias

236 1355 370 1422 Inimici
405 1355 542 1440 uellent,
569 1354 659 1444 quod
695 1355 759 1422 nisi
798 1357 975 1423 consilium
1006 1356 1070 1424 hoc
1101 1358 1156 1423 da-

278 1460 376 1526 renti

151 1560 229 1627 DA.
241 1561 413 1649 Deceptus
427 1582 512 1645 sum,
524 1565 561 1627 at
576 1581 645 1627 non
660 1560 876 1649 defetigatus.
922 1562 996 1629 OH.
1014 1562 1100 1629 Scio.
1163 1583 1189 1623 45

81 1669 141 1730 670
150 1664 229 1730 DA.
242 1664 317 1730 Hac
332 1662 400 1729 non
415 1665 582 1748 successit,
595 1663 661 1730 clia
680 1664 917 1752 adgrediemur
930 1665 1004 1732 uia:

236 1765 313 1832 Nisi
327 1766 359 1832 cc'
372 1766 409 1830 id
423 1771 532 1854 putas,
545 1768 625 1855 quia
640 1768 750 1855 primo
764 1768 924 1854 processit
938 1789 1069 1856 parum,

235 1868 319 1936 Non
331 1869 429 1956 posse
443 1870 513 1935 iam
527 1871 572 1935 ad
587 1871 732 1936 sulutem
749 1871 902 1937 conuerti
915 1871 978 1936 hoc
993 1871 1131 1937 malum.

149 1970 224 2038 PA.
236 1971 348 2037 immo
364 1971 486 2038 etiam:
509 1992 590 2038 nam
605 1972 688 2038 satis
702 1971 812 2056 crede,
825 1973 853 2038 si
867 1972 1114 2060 aduigiitueris

235 2074 289 2139 Ex
302 2073 379 2139 imis
393 2074 546 2162 geminas
561 2073 645 2140 mihi
660 2075 818 2141 conficies
832 2074 979 2163 nuptias.
1162 2095 1190 2137 so

81 2179 138 2240 675
150 2177 228 2242 DA.
238 2176 324 2264 Ege,
337 2176 526 2264 Pemphile,
538 2178 604 2244 hoc
618 2178 683 2244 tibi
696 2177 757 2266 pro
772 2178 911 2244 seruitio
925 2177 1042 2263 debeo,

235 2279 360 2346 Oontri
374 2280 530 2346 munibus
546 2280 688 2369 pedibus
703 2285 886 2369 noctesque
901 2280 935 2347 et
950 2281 1031 2366 dies,

236 2382 366 2470 Capitis
380 2383 545 2470 periclum
559 2382 662 2468 edire,
674 2384 755 2449 dum
769 2383 896 2471 prosim
909 2383 989 2450 tibi:

234 2484 386 2568 Tuomst,
412 2484 522 2573 siquid
549 2494 685 2574 praeter
713 2507 808 2574 spem
837 2485 961 2571 euenit,
985 2488 1034 2552 mi
1061 2486 1154 2575 iguo

277 2609 379 2654 scere.

234 2690 363 2757 Porum
378 2691 527 2758 succedit
543 2691 632 2780 quod
648 2712 732 2780 ugo:
755 2695 792 2758 at
806 2691 897 2757 facio
911 2690 1038 2757 sedulo.
1161 2706 1189 2748 ω

80 2807 139 2860 680
234 2793 304 2860 Vel
317 2793 438 2884 molius
452 2798 528 2860 tute
543 2794 730 2882 reperi‘me
743 2793 883 2860 missum
897 2794 981 2860 fuco.

149 2895 225 2963 PA.
236 2895 361 2983 Oupio:
384 2897 526 2963 restitue
540 2917 642 2985 quem
657 2898 677 2963 A
691 2917 746 2962 me
761 2895 920 2984 accepisti
934 2896 1056 2963 locum.

150 2998 229 3065 DA.
240 2998 385 3064 Faciam.
431 2999 505 3066 PA.
517 2983 568 3066 At
583 3000 653 3066 iam
667 2999 733 3066 hoc
747 3003 856 3088 opust.
901 2999 980 3064 DA.
997 2999 1152 3066 Hem...

277 3099 336 3167 sed
350 3121 469 3168 mane:
491 3102 622 3191 crepuit
637 3123 658 3168 a
674 3102 834 3190 Glycerio
848 3100 981 3168 ostium.

149 3202 224 3270 PA.
235 3202 296 3269 Nil
321 3202 364 3267 td
389 3207 435 3270 te.
491 3203 570 3270 DA.
596 3204 740 3283 Quaero.
794 3203 869 3270 PA.
899 3203 1000 3288 Hem,
1027 3203 1154 3270 nuncin

277 3304 436 3473 gprbuoumt
494 3306 573 3373 DA.
600 3305 652 3372 At
683 3307 753 3373 iam
784 3304 848 3372 hoc
879 3304 944 3371 tibi
975 3305 1154 3376 inuentum
