2722 4222
197 257 238 319 98
305 304 313 319 ι
483 254 640 304 HEAVTON
665 254 907 327 TIMORVMENOS.
958 255 1010 305 IV.
1025 256 1050 304 1.
1064 255 1197 307 53-3.2

197 404 272 472 ΟΗ.
283 405 318 471 N
319 404 363 470 dn
380 405 460 471 licet
476 405 650 472 hominem
668 406 739 472 esse
762 426 861 494 saepe
879 405 929 472 ita
946 406 985 471 rit
1002 407 1084 490 uolt,
1100 405 1129 472 si
1146 426 1200 472 res

324 508 392 574 nim
406 508 496 574 sinit.

282 611 383 677 Nr‘mc
399 612 449 677 ita
459 618 594 701 tempus
598 610 691 700 fert,
704 611 751 676 mi
766 617 806 676 ut
817 612 952 700 cupiam
966 611 1094 678 filiam:
1117 612 1200 679 clim

327 714 512 780 nilminus.

198 817 265 884 SY.
282 817 359 884 Nisi
380 838 435 882 me
458 818 588 883 animus
609 817 700 883 fallit
721 817 877 901 miiltum,
896 817 988 883 haud
1009 818 1157 883 multum
1179 821 1231 888 aa

324 940 379 986 me
397 920 504 986 aberit
521 919 765 985 infortimium:

282 1022 339 1088 Ita
372 1022 436 1087 hae
470 1043 507 1088 re
536 1023 572 1087 in
606 1027 789 1110 angustum
824 1021 947 1110 tppidc
982 1043 1072 1088 nune
1104 1022 1199 1088 meae

325 1130 495 1213 coguntur
515 1124 649 1213 cdpiae:

282 1229 360 1295 Nisi
385 1229 510 1316 aliquid
531 1228 641 1313 uideo,
665 1249 708 1294 ne
735 1227 805 1294 esse
827 1229 973 1294 amicam
993 1228 1081 1294 hane
1102 1227 1200 1316 gnati

324 1332 480 1398 resciscat
497 1352 609 1397 senex,

282 1433 376 1501 Nam
387 1433 477 1522 qued
491 1434 533 1500 de
544 1438 687 1522 argento
702 1431 834 1520 sperem
849 1437 909 1498 aut
920 1453 1017 1520 posse
1032 1433 1200 1521 pdstulem

324 1558 380 1603 me
394 1537 520 1620 fdllere‚

282 1639 344 1706 Nil
352 1639 415 1706 est:
428 1639 612 1727 triumpho,
618 1639 645 1704 si
653 1639 733 1705 licet
740 1659 795 1705 me
802 1638 907 1704 latere
913 1643 1005 1705 tecto
1012 1638 1222 1707 abscederes

284 1741 423 1809 Orucidr
436 1743 552 1808 bolum
566 1741 703 1808 tantirm
718 1742 767 1808 mi
784 1746 939 1829 ereptum
957 1742 1029 1807 tam
1046 1742 1201 1808 desubito

321 1867 345 1911 -e
360 1845 521 1910 fadeibus.

285 1949 376 2027 Quid
393 1949 513 2036 agaml
537 1947 597 2012 adt
614 1947 697 2034 quid
714 1945 969 2013 comminiscarl
991 1947 1080 2014 ratio
1095 1948 1137 2014 de
1154 1948 1202 2013 ln-

326 2055 425 2138 tegro
443 2049 621 2116 ineundast
638 2048 732 2115 mihi.

284 2152 346 2220 Nil
363 2154 435 2218 tam
451 2152 587 2218 difficile
609 2155 670 2236 est,
690 2150 771 2239 quin
787 2151 981 2239 quaerendo
1003 2150 1201 2240 inuestigari

326 2255 459 2343 pdssiet.

286 2358 376 2438 Quid
390 2358 419 2424 si
433 2356 496 2423 hdc
510 2378 601 2423 nunc
615 2356 662 2423 sic
676 2356 855 2445 incipiam?
873 2356 922 2421 nil
936 2360 997 2422 est.
1031 2357 1122 2444 quid,
1135 2357 1200 2424 sicl

326 2459 542 2565 tantumdem
557 2459 667 2547 egero.

284 2564 336 2630 At
350 2564 397 2630 sie
411 2564 539 2652 opinor.
575 2562 644 2630 11611
654 2566 776 2651 potest.
812 2561 917 2628 immo
932 2561 1079 2650 dptume.
1116 2584 1201 2651 cuge
1211 2591 1237 2631 11

329 2667 439 2734 habeo
456 2666 640 2754 dptumam.

285 2769 473 2838 Retraham
498 2767 611 2835 hercle
636 2767 727 2834 idem
753 2768 797 2833 ad
822 2787 878 2834 me
901 2789 965 2856 ego
990 2766 1075 2834 fflud
1101 2768 1202 2835 hodie

326 2871 512 2960 figitiuom
528 2869 709 2959 argentrim
726 2875 851 2936 tamen.

503 3160 686 3223 OLINIA.
733 3161 900 3223 SYRVS.

201 3277 267 3347 eL.
286 3276 391 3343 Nulla
415 3273 497 3340 mihi
525 3294 578 3341 res
603 3273 743 3362 posthac
766 3277 879 3361 petest
904 3272 973 3339 iam
998 3271 1235 3347 interueniret

329 3379 435 3462 tanta,

134 3502 192 3557 680
288 3483 383 3564 Quae
397 3481 444 3547 mi
462 3480 711 3569 aegritudinem
726 3479 879 3547 tdferat:
901 3482 1001 3546 tanta
1015 3478 1098 3547 haec
1113 3479 1207 3546 lacti-

329 3585 379 3651 tia
396 3582 556 3650 obertast.
