2722 4222
242 281 265 331 1.
281 282 307 332 1.
324 281 465 332 loma
663 279 810 338 1111111111.
1229 275 1249 338 9

164 442 232 504 ,130
329 433 441 512 Quam
456 431 536 516 dixi,
552 432 597 499 ed
612 432 788 498 flammam
803 429 942 497 accessit
957 427 1204 517 inprudentius‚

215 615 216 618 Ἴ
327 536 418 603 Setis
441 535 520 600 oiim
545 534 682 622 pericle.
735 534 784 598 ibi
809 538 885 599 tum
914 533 1126 600 exanimatus
1152 530 1245 596 Pem-

368 639 480 726 philus

326 743 421 808 Bene
436 741 686 808 dissimulatum
701 740 852 806 amorem
867 745 902 806 et
916 739 1065 806 celatum
1079 737 1225 803 indicat:
1257 754 1295 795 1⁰³

326 844 506 911 Aocdrrii:
528 844 677 910 mediam
691 844 868 910 milierem
883 841 1139 929 complectitur:

328 948 427 1013 ‘Mea
450 934 665 1035 Glycerium'
689 947 800 1034 inquii
823 945 923 1033 ‘quid
940 944 1035 1031 ogisi
1056 963 1142 1030 quor
1163 947 1198 1007 ie
1220 943 1249 1008 is

368 1050 572 1138 perditumi'

327 1154 416 1219 Tum
429 1152 497 1236 iila,
513 1151 553 1218 iri
568 1155 768 1219 consuetum
782 1151 882 1218 sicile
897 1169 1050 1216 amorem
1064 1147 1228 1231 cernereS,

326 1254 459 1322 Reiecit
474 1275 510 1321 se
527 1255 565 1320 in
579 1276 659 1320 eum
673 1254 759 1321 flens
773 1275 878 1342 quam
892 1251 1116 1318 familiririter.

327 1358 419 1437 Quid
440 1354 512 1424 eici
566 1358 618 1424 SI.
645 1356 763 1424 Redeo
789 1357 869 1422 inde
894 1357 1000 1421 irritus
1022 1361 1125 1443 etque
1147 1355 1296 1444 aegreno

369 1462 501 1535 ferens:

328 1564 365 1631 N
365 1586 403 1631 ec
418 1564 499 1630 sitis
514 1564 559 1630 ad
574 1563 824 1651 obiurgdndum
839 1583 969 1629 causae.
1015 1561 1143 1628 diceret

329 1667 440 1746 ‘Quid
454 1666 542 1733 fecii
564 1666 648 1753 quid
662 1665 848 1732 commerui
862 1669 922 1731 eui
937 1665 1084 1752 peccaui,
1099 1666 1220 1752 poteri

328 1770 424 1849 Quae
439 1770 511 1837 sese
528 1770 565 1834 in
580 1770 696 1858 ignem
710 1768 834 1835 inicere
848 1768 968 1851 uoluit,
985 1767 1161 1855 prohibui:

329 1872 489 1939 Serudui!
534 1871 841 1938 honesioorriiiost.
888 1871 953 1938 SO.
978 1871 1085 1937 Recte
1100 1877 1219 1958 putes:

329 1966 423 2041 Nam
437 1975 465 2040 si
480 1974 576 2039 illum
593 1975 761 2062 obiurge8‚
777 1974 871 2040 uitae
886 1973 946 2061 qui
960 1973 1126 2039 auxilinm
1140 1974 1231 2058 tulit,
1258 1992 1297 2034 nr

329 2077 420 2155 Quid
435 2078 540 2144 ficies
555 2076 615 2161 illi,
626 2077 684 2165 qui
699 2077 831 2142 dederit
846 2077 1011 2142 damnum
1026 2076 1086 2142 aot
1101 2077 1250 2142 malum?

244 2180 297 2247 SI.
328 2179 436 2246 Venit
454 2179 617 2247 Chremes
634 2178 797 2268 postridie
814 2180 932 2245 adme
950 2179 1146 2245 elimitans:

176 2290 232 2346 145
329 2281 517 2371 Indignum
530 2282 684 2348 facinus:
707 2281 918 2370 comperisse,
935 2282 1155 2369 Pimphilum

329 2385 399 2451 Pro
420 2384 526 2452 uxore
547 2385 674 2451 habere
695 2384 784 2450 hano
805 2383 1030 2472 peregrinam.
1079 2405 1144 2472 ego
1166 2384 1252 2450 iilud

371 2486 490 2554 sedulo

330 2589 467 2678 Negire
480 2591 623 2656 fecium.
668 2590 726 2656 ille
740 2590 846 2655 instat
860 2591 1002 2656 facium.
1047 2589 1192 2678 denique
1261 2612 1300 2654 no

330 2691 387 2757 Ite
401 2691 477 2758 irim
490 2692 627 2759 discedo
641 2692 686 2758 eb
700 2692 768 2775 iilo,
784 2697 824 2757 ui
839 2694 898 2780 qui
913 2714 948 2760 se
963 2692 1073 2758 filiam

330 2793 446 2882 Neget
461 2793 631 2860 daturum.
678 2794 743 2860 SO.
767 2795 803 2860 N
804 2793 848 2859 611
866 2799 906 2859 tu
923 2795 971 2859 ibi
989 2795 1156 2882 gnatumi
1201 2793 1253 2860 SI.

373 2895 429 2962 Ne
443 2895 528 2963 haec
542 2896 681 2985 quidem

179 3013 237 3068 150
334 2999 424 3066 Satis
441 2999 580 3066 uemens
602 3020 705 3065 cause
725 2999 771 3066 ad
790 2999 1049 3087 obiurgandum.
1098 3000 1164 3065 SO.
1189 2998 1257 3078 Qui

377 3102 480 3170 oedoi

249 3207 300 3275 SI.
332 3210 341 3244 ‘
351 3207 440 3272 Ture
458 3205 530 3294 ipse
548 3206 601 3272 his
618 3206 720 3272 rebus
737 3205 845 3271 finem
862 3204 1086 3293 praescripsti,
1102 3210 1221 3292 pater:

333 3309 447 3397 Prope
464 3308 571 3392 adest,
588 3329 665 3374 cum
683 3309 796 3375 alieno
813 3307 907 3374 more
921 3306 1141 3374 uiuendirmsi
1156 3308 1305 3376 mihine

335 3411 416 3477 Sine
430 3408 522 3475 minc
536 3429 614 3475 meo
628 3429 685 3474 me
699 3408 817 3474 uiuere
832 3409 962 3474 intered
976 3408 1099 3474 modo!

251 3515 316 3585 SO.
339 3511 407 3595 Qui
421 3511 527 3600 igitir
541 3510 680 3578 relictus
696 3509 747 3578 esi
762 3510 966 3599 obiurgandi
980 3510 1095 3577 locusi

183 3628 239 3686 155
251 3619 303 3692 s1.
335 3617 372 3687 Si
389 3614 529 3707 propter
547 3634 700 3683 amorem
718 3613 860 3680 uxorem
878 3614 972 3680 nolet
990 3613 1122 3682 dicere.

342 3727 385 3791 lii·
