2722 4222
136 306 140 313 .
173 263 229 313 111.
245 263 273 314 3.
289 261 389 314 18-43
608 262 744 314 ANDRIA.
1137 267 1178 327 33

103 425 162 477 555
173 413 224 479 SI.
256 413 433 493 Immoitu
446 413 526 478 uolo
540 413 656 501 itaque
670 413 805 501 pestulo
819 417 858 479 ut
873 414 944 498 fiet,
957 413 1137 481 Chremes:

188 557 189 560 =
257 514 378 603 Neque
410 515 578 603 pestnlem
609 516 670 582 obs
702 520 747 599 te,
775 517 810 580 ni
841 516 914 604 ipsu
945 537 1000 583 res
1028 518 1174 583 moncet.

299 618 373 684 OH.
394 617 485 696 Quid
506 619 577 684 5555

172 719 223 786 sl.
255 720 333 787 Irae
344 724 424 786 sunt
435 722 525 786 inter
535 720 733 808 Gly'cerium
742 726 776 787 55
785 727 938 809 gnatum.
967 721 1210 789 ΟΗ.Α5(115.55

171 822 222 890 SI.
253 823 310 890 Ι55
327 824 481 912 5558555,
497 827 537 887 55
555 844 687 911 sperem
704 823 801 910 pesse
818 824 929 889 555111.
975 824 1050 890 OH.
1069 825 1176 890 11555-

170 1028 221 1096 SI.
253 1028 415 1095 Profecto
429 1029 477 1094 sic
492 1032 553 1095 est.
598 1028 673 1094 oH.
693 1027 748 1095 Sic
761 1027 874 1094 hercle
888 1032 927 1093 ut
942 1029 1053 1094 dicem
1067 1029 1149 1096 tibi:

100 1147 158 1198 555
256 1130 458 1197 Amentium
475 1131 546 1196 irne
563 1130 687 1196 umeris
705 1129 931 1218 integretiost.

170 1232 222 1299 sI.
253 1233 328 1317 Em,
344 1233 380 1298 id
397 1236 433 1299 te
451 1232 510 1298 ero
527 1237 567 1299 ut
583 1236 664 1299 ante
678 1233 802 1316 cemus,
815 1231 896 1296 dum
912 1233 1047 1320 tempds
1062 1233 1173 1318 datur,

254 1335 414 1424 Dumque
432 1334 503 1402 5155
521 1333 638 1399 lubido
656 1334 820 1401 555155555
838 1334 1070 1402 contumeliis:
1182 1347 1209 1389 2⁶

255 1436 475 1526 Priusquam
492 1436 612 1502 herum
629 1436 756 1503 scelere
770 1442 806 1503 et
823 1437 993 1504 15555555
1008 1436 1175 1506 confictae

297 1539 383 1606 dolis

254 1641 438 1709 Reducunt
452 1642 604 1707 animum
620 1640 799 1730 aegretum
813 1641 858 1708 ad
872 1641 1145 1726 misericerdiam,

100 1752 159 1809 560
254 1744 408 1812 Vxerem
425 1745 552 1810 demus.
598 1744 697 1832 spero
714 1744 957 1811 consuetedine
974 1749 1010 1810 et

255 1846 422 1934 Oonirigio
438 1846 570 1912 libereii
587 1847 795 1931 deuinctrim,
811 1848 982 1931 Chremes,

255 1950 346 2016 Dein
362 1949 461 2017 115115
478 1971 522 2016 ex
538 1949 606 2016 11115
623 1950 694 2017 sese
712 1951 919 2017 emersunim
936 1950 1043 2016 melis.
1181 1963 1208 2003 ³⁰

169 2052 244 2120 GH.
256 2053 334 2119 Tibi
348 2053 397 2119 155
411 2051 475 2119 hec
488 2052 642 2119 uidetur:
665 2053 700 2118 55
715 2072 780 2141 ego
794 2073 862 2118 non
877 2073 974 2140 posse
989 2052 1135 2119 erbitror

253 2154 375 2242 Neque
401 2155 499 2220 illum
526 2154 614 2221 hene
641 2159 805 2242 perpetuo
830 2155 956 2222 hebere
983 2175 1093 2243 neque
1117 2174 1173 2221 me

295 2257 436 2345 perpeti.

101 2372 159 2427 565
170 2359 222 2427 s1.
254 2359 321 2438 Qui
335 2359 399 2426 scis
413 2381 496 2448 ergo
510 2360 608 2443 istuc,
620 2359 684 2426 nisi
697 2360 861 2449 periclum
874 2360 1016 2426 feceris?

170 2461 246 2529 OH.
256 2462 307 2528 At
321 2460 410 2551 istrie
423 2462 587 2550 periclum
602 2463 639 2527 in
652 2462 728 2528 filia
741 2462 815 2528 fieri
830 2468 977 2550 grauest.

65 2645 67 2649 ¹
171 2564 223 2631 SI.
253 2564 387 2652 Nempe
401 2564 660 2632 incommoditas
674 2564 819 2652 denique
833 2564 900 2630 huc
914 2564 1024 2630 omnis
1037 2563 1136 2648 redit,
1180 2592 1207 2632 ns

257 2666 293 2733 si
308 2667 452 2751 eueniat,
465 2667 557 2755 quod
571 2667 606 2732 di
620 2665 831 2755 prohibeant,
843 2665 1011 2732 discessio.

256 2769 307 2836 At
322 2770 349 2836 si
365 2770 555 2858 corrigitur,
567 2770 649 2858 quet
664 2768 923 2835 commoditates
937 2768 1035 2834 uide:

102 2880 161 2940 570
256 2872 430 2961 Principio
445 2872 555 2939 amico
569 2871 681 2937 filium
694 2871 890 2956 restitueris,

257 2975 334 3041 Tibi
351 2974 514 3062 generum
528 2975 666 3040 firmum
683 2973 826 3040 55111155
843 2972 993 3040 inuenies
1007 2973 1128 3038 uirum.
1251 3045 1253 3049 ,

171 3075 246 3143 ΟΗ.
257 3076 349 3155 Quid
377 3076 474 3143 155151
507 3076 535 3142 51
563 3076 613 3142 155
643 3075 732 3142 15555
760 3075 910 3141 enimum
938 3075 1072 3141 induxti
1101 3095 1207 3142 essen

298 3179 391 3263 55115,

256 3280 347 3348 Ncle
361 3281 426 3348 tibi
439 3281 549 3346 ulium
562 3280 776 3347 cemmcdum
790 3281 827 3345 in
841 3300 896 3346 me
911 3279 1069 3346 claridicr.

172 3383 224 3450 SI.
254 3383 379 3450 Merite
393 3388 428 3450 te
445 3403 579 3471 semper
591 3383 742 3448 mexumi
754 3382 830 3466 1551,
842 3381 1012 3450 Chremes.

102 3488 160 3548 555
172 3485 247 3552 ΟΗ.
259 3486 326 3553 Sed
340 3485 421 3575 quid
435 3486 504 3552 5151
549 3485 600 3553 SI.
614 3485 726 3564 Quidt
766 3484 840 3552 OH.
854 3484 921 3566 Qui
935 3484 998 3552 5515
1012 3504 1069 3553 555
1083 3505 1174 3552 5555

301 3588 495 3657 discordare
508 3588 598 3656 inter
612 3590 669 3656 555
1175 3637 1178 3641 -

256 3693 298 3758 2&-
