2722 4222
584 302 720 354 ANDRIa
885 306 908 354 1.
921 308 948 356 4.
964 306 1080 357 1—8-5.
1096 308 1151 357 1-7

568 525 732 587 MYSIS.

233 637 372 723 Audiui,
392 638 562 727 Archylis
583 640 652 705 iam
675 640 821 706 dudum:
848 640 1005 707 Lesbiam
1030 641 1183 709 adduci4

275 742 377 807 iubes.

233 844 319 910 Sine
334 845 392 932 pol
406 845 466 911 illa
479 844 702 911 temulentast
717 845 839 910 muiier
853 850 888 910 et
903 847 1081 913 temeraria

231 947 267 1014 N
268 947 305 1013 <ic
334 949 415 1014 satis
440 948 554 1036 digna,
577 947 656 1036 quoi
687 949 879 1013 committas
907 948 1019 1035 primo
1047 955 1149 1038 partu

273 1050 467 1118 mulierem:

230 1152 358 1220 Tamen
379 1175 456 1220 eam
477 1153 665 1220 adducami
694 1153 975 1243 inportunitatem
996 1160 1148 1242 spectate

272 1256 441 1322 aniculae:

230 1358 319 1437 Quia
344 1358 536 1447 compotrix
562 1359 632 1425 eius
658 1364 718 1425 est.
772 1359 816 1443 di,
839 1358 917 1426 date
945 1359 1170 1428 facultatem

271 1461 408 1528 ebsecro

229 1564 321 1629 Huic
338 1564 496 1651 pariundi
518 1568 621 1652 atquc
637 1563 689 1628 illi
706 1564 742 1628 in
762 1563 837 1629 aliis
854 1563 966 1651 petius
983 1566 1145 1651 peccandi

270 1666 392 1732 locum.

115 1755 118 1759 ⁵
228 1769 296 1834 Sed
318 1770 400 1857 quid
422 1790 503 1835 nam
528 1769 747 1857 Pamphilum
770 1769 1003 1836 exanimatum
1024 1770 1145 1837 uideo?

272 1893 391 1938 uereor
408 1872 489 1960 quid
506 1872 579 1939 siet.

228 1975 404 2062 Opperiar,
427 1979 466 2040 ut
498 1975 602 2041 sciam
630 1973 795 2061 numquid
823 1996 903 2040 nam
932 1975 1016 2040 haec
1044 1976 1146 2042 turba

270 2078 431 2144 tristitiae
453 2077 595 2143 adierat.

376 2298 693 2359 PAMPHILVS.
743 2297 909 2359 MYSIS.

141 2412 215 2479 PA.
232 2412 397 2479 Hocinest
417 2413 603 2478 humanum
620 2412 750 2477 iactum
771 2416 831 2477 aut
853 2412 1047 2499 inceptum?
1090 2412 1174 2484 het

110 2578 112 2583 .
269 2515 375 2582 cinest
394 2515 543 2581 officium
560 2514 689 2603 patris?

140 2617 223 2685 MY.
237 2617 328 2698 Quid
342 2618 428 2683 fflud
443 2619 516 2684 esti
561 2617 635 2683 PA.
656 2617 725 2683 Pro
740 2616 842 2683 deum
858 2616 972 2701 fidem,
985 2618 1068 2706 quid
1083 2624 1143 2703 est,

268 2721 297 2786 si
311 2719 375 2786 hric
390 2742 460 2786 non
474 2719 733 2786 contumeliastt
1124 2720 1132 2728 '

224 2822 378 2889 erirem
401 2823 554 2889 decrerat
577 2823 659 2889 darc
685 2843 756 2889 sese
779 2821 864 2887 mihi
887 2820 1005 2889 hudie:
1032 2844 1145 2890 nonne

267 2925 418 3014 opertuit

226 3029 415 3095 Praescisse
429 3050 484 3095 me
499 3029 600 3095 antct
623 3027 734 3094 nenne
747 3027 842 3116 prius
857 3026 1145 3094 communicatum

267 3130 438 3219 optuma

71 3240 129 3295 240
139 3235 222 3300 MY.
235 3233 395 3299 Miseram
409 3255 474 3317 me,
490 3233 582 3323 quod
596 3233 739 3298 uerbum
754 3232 877 3298 audiet
1151 3251 1165 3291 c

128 3337 212 3440 ‚PA.
230 3336 341 3415 Quidt
366 3336 537 3420 Ohrcmes,
554 3336 612 3425 qui
628 3335 814 3423 denegarat
834 3333 869 3400 se
887 3333 1143 3399 commissuram

126 3445 131 3456 '
266 3439 349 3504 mihi

224 3542 374 3608 Gnatam
397 3563 493 3607 suam
514 3562 665 3625 uxorem,
684 3540 719 3606 id
740 3539 898 3624 mutauit,
917 3539 997 3628 quia
1018 3559 1072 3606 me
1094 3539 1140 3605 in·

266 3644 437 3711 mutatum
454 3645 570 3712 uidett
