2722 4222
160 298 200 347 11.
213 299 239 348 3.
254 299 376 350 138-4.
389 301 430 351 13
485 300 643 350 HEAVTON
667 300 909 352 TIMORVMENOS.
1124 303 1164 365 83

161 448 275 514 CLIT.
290 449 419 516 Saltem
428 452 582 530 salutem.
603 452 670 518 sY.
679 435 794 518 Abeas
803 453 830 517 si
839 453 956 539 sepitis.
977 451 1163 519 ommno:

93 564 151 615 380
290 552 380 631 Quid
394 553 490 620 istie?
531 556 598 621 sY.
614 555 779 660 Manebit.
819 555 933 621 OLIT.
948 555 977 620 Ο
994 554 1166 620 huminem

331 655 475 722 felicem.
522 657 589 722 SY.
602 656 761 721 Ambula.

208 936 408 999 BAOOHIS.
451 938 712 1001 ANTIPHILA.
756 937 918 1000 OLINIA.
962 940 1113 1003 SYRVS.

161 1060 235 1127 BA.
268 1058 271 1064 ’
289 1046 419 1147 Edepol
434 1066 478 1145 te,
491 1082 568 1127 mea
582 1060 773 1149 Antiphila,
785 1063 886 1129 leudo
904 1067 939 1130 et
953 1060 1198 1130 fertunatame

332 1164 443 1229 iudico
477 1244 480 1249 1

291 1252 333 1331 Id
352 1287 455 1354 quom
479 1267 647 1351 studuisti,
663 1268 720 1333 isti
742 1268 874 1333 formae
897 1272 937 1334 ut
959 1269 1069 1336 meres
1091 1290 1167 1336 eon-

332 1369 458 1436 similes
475 1370 608 1437 forent:

290 1470 517 1561 Minumeque‚
534 1473 584 1538 ita
604 1494 660 1539 me
681 1473 717 1537 di
734 1478 861 1559 ament,
876 1474 983 1541 miror
1004 1475 1032 1541 si
1048 1480 1084 1542 te
1102 1476 1167 1543 sibi

334 1575 474 1663 quisque
490 1574 630 1663 expetit.

293 1675 383 1741 Nem
397 1677 492 1760 mihi,
503 1678 602 1765 quale
613 1678 789 1766 ingenium
800 1679 950 1765 haberes
960 1680 1028 1746 fuit
1043 1681 1167 1748 indicio

333 1779 460 1846 orsitio:

291 1868 338 1946 Et
356 1903 433 1947 eum
453 1889 589 1971 egomet
606 1904 697 1949 nuno
718 1878 852 1951 meeum
869 1886 906 1950 in
927 1886 1041 1953 animo
1058 1887 1190 1954 uttams

333 1988 431 2049 tuam
449 1984 626 2050 considero

292 2073 521 2176 Omniumque
547 2088 631 2155 adet
653 2093 856 2174 uestrarum,
874 2090 995 2180 uulgus
1017 2113 1103 2180 quae
1124 2093 1168 2158 ab

334 2212 369 2257 se
387 2190 580 2279 segregant,

291 2279 339 2359 Et
359 2314 421 2359 uos
443 2315 514 2361 esse
535 2293 632 2360 istius
654 2295 747 2361 modi
769 2299 804 2361 et
821 2316 883 2362 nos
901 2295 969 2361 nen
989 2317 1061 2363 esse
1078 2296 1170 2363 haud

334 2396 539 2463 miribilest:

292 2497 328 2566 N
329 2520 385 2565 am
400 2498 537 2587 expedit
552 2499 659 2567 bonas
671 2499 744 2567 esse
758 2499 870 2566 uobis:
889 2501 959 2584 niu,
970 2502 1170 2588 quibuscum

336 2608 388 2669 est
402 2623 465 2686 res,
478 2602 546 2668 n6n
564 2603 697 2669 sinunt:

296 2705 430 2794 Quippe
447 2706 560 2772 forma
576 2705 702 2793 inpulsi
719 2710 837 2771 nostra
854 2705 915 2772 mis
932 2707 1101 2773 amatores
1118 2727 1170 2773 ee

336 2809 430 2875 lunt:

294 2911 391 2978 Haeo
407 2911 466 2976 ubi
483 2910 742 2994 imminutuest,
754 2910 804 2976 illi
822 2910 918 2977 suom
935 2911 1088 2977 animum
1102 2911 1170 2978 alio
1179 2933 1206 2975 10

338 3013 535 3080 censerunt:

296 3115 371 3181 Nisi
386 3117 416 3182 si
429 3120 646 3203 prospectum
660 3115 789 3182 interea
803 3115 930 3204 aliquid
945 3116 1005 3201 est,
1018 3116 1171 3184 desertae

337 3218 494 3284 uiuimus.

295 3321 404 3388 this
426 3341 503 3385 eum
525 3340 594 3386 uno
616 3320 721 3387 se'mel
742 3320 802 3387 ubi
824 3325 974 3388 aetatem
995 3321 1095 3409 igere
1116 3321 1171 3389 de·

276 3510 279 3515 ¹
338 3423 501 3490 eretumst
518 3423 609 3490 uiro:

296 3525 424 3604 Quoius
443 3547 517 3592 mos
539 3526 730 3593 maxumest
748 3526 932 3594 consimilis
953 3526 1115 3614 uestrum,
1133 3525 1171 3593 hi

338 3649 374 3695 se
391 3628 435 3694 ad
453 3649 514 3695 uos
532 3622 710 3717 tdplicant.
