2722 4222
184 248 224 310 82
469 245 627 294 lisnvscx
652 244 894 295 TIMORVMENOS.
946 245 985 295 11.
1001 246 1028 295 ³.
1044 242 1185 295 116-137

312 395 524 483 Quaprepter
552 396 636 462 haec
665 416 717 462 res
746 418 789 463 ne
817 396 972 484 itiquam
1000 393 1186 460 necleottst

354 498 448 563 mihi.

315 602 381 668 Sed
412 601 523 666 istrinc
556 622 667 684 exora,
694 607 732 667 ut
764 602 860 667 stiam
892 621 963 667 esse
994 599 1184 666 adsimulet.

355 703 475 770 OLIN.
501 703 635 769 Scilicet

312 806 496 872 Factdrum
524 827 579 871 me
608 828 696 872 esse:
729 806 765 870 in
797 806 875 871 erim
907 806 976 871 iam
1005 826 1058 871 res
1087 804 1187 870 rediit

354 909 475 992 locum,

117 1021 174 1074 360
312 1013 364 1078 Vt
378 1012 423 1078 sit
437 1032 601 1077 necessus.
643 1011 758 1077 CLIT.
774 1010 901 1077 Merito
915 1016 951 1076 te
967 1032 1054 1094 amc,
1068 1010 1186 1077 Clinia.

184 1115 447 1184 OLIN.Verum
472 1113 530 1180 illa
551 1136 594 1182 ne
609 1115 690 1203 quid
705 1113 840 1182 titubet.
893 1113 960 1180 ΒΥ.
989 1113 1187 1181 Perdoctest
1196 1129 1236 1170 12⁰

355 1218 469 1304 probe.

185 1321 299 1388 OLIT.
313 1319 364 1385 At
378 1318 442 1385 hec
457 1318 612 1402 demiror,
625 1319 683 1407 qui
698 1323 771 1384 tam
785 1319 887 1385 facile
901 1318 1050 1407 petueris

313 1421 521 1489 Persua'dere
535 1421 595 1504 illi,
608 1421 694 1509 quae
710 1422 796 1487 solet
810 1442 894 1509 quos
909 1420 1086 1508 spernere!

187 1526 254 1593 sY.
313 1525 356 1590 In
367 1524 520 1612 tempore
530 1523 576 1589 ad
590 1544 667 1589 eam
680 1524 768 1608 ueni,
778 1524 870 1612 quod
880 1544 995 1590 rerum
1005 1523 1189 1590 emniumst

118 1636 175 1690 365
314 1627 484 1692 Primrim:
506 1647 588 1691 nam
597 1627 767 1714 quendam
778 1627 897 1693 misere
909 1626 1036 1693 offendi
1045 1611 1190 1693 'militem

314 1729 396 1795 Eius
425 1728 560 1796 nectem
588 1735 762 1796 orantem:
799 1729 883 1795 haec
916 1729 988 1795 erte
1019 1729 1238 1795 tractabatur

357 1853 478 1916 urrum,

314 1936 366 2001 Vt
381 1934 471 2001 illius
485 1936 637 2000 animum
652 1935 813 2021 cdpidurn
828 1935 943 2023 inopia
958 1935 1172 2002 incenderet:

313 2037 510 2125 Eademque
528 2043 567 2102 ut
585 2041 672 2104 esset
690 2036 780 2126 apud
793 2042 829 2103 te
847 2037 912 2104 hcc
927 2059 1029 2126 quam
1044 2036 1191 2126 gratissi-

357 2161 461 2205 mum.

317 2243 384 2309 Sed
398 2242 481 2309 heris
495 2247 544 2326 tu,
556 2243 635 2309 uide
650 2242 695 2309 sis
710 2242 836 2332 nequid
850 2244 1035 2332 inprudens
1049 2265 1136 2310 ruas.

316 2345 457 2412 Patrem
471 2346 596 2411 nouisti
615 2346 660 2411 ad
674 2346 735 2412 hes
752 2367 806 2412 res
820 2367 923 2434 quam
937 2347 982 2413 sit
996 2347 1190 2434 perspicax:

315 2448 391 2536 Ego
405 2453 441 2515 te
456 2449 571 2515 aetem
585 2448 667 2514 ncui
681 2469 783 2537 quam
799 2449 870 2516 esse
885 2450 992 2516 soleas
1006 2450 1183 2538 inpotens:
1199 2467 1238 2508 1³0

316 2550 458 2617 Inuersa
472 2550 585 2634 uerba,
598 2550 732 2618 euersas
746 2551 892 2619 ceruices
907 2557 993 2636 tuae,

318 2654 486 2737 Gemitus,
498 2659 656 2737 screatus,
669 2654 780 2739 tdssis,
793 2655 879 2720 risus
895 2654 1033 2721 ebstine.

189 2756 304 2823 OLIT.
317 2756 495 2822 Laudebis.
542 2757 609 2823 sY.
622 2757 723 2841 Vide,
735 2758 789 2828 sis.
835 2757 950 2824 OLIT.
967 2757 1120 2824 Tritimet
1135 2757 1193 2822 mi-

359 2859 484 2926 rebare.

122 2969 178 3029 375
190 2962 257 3029 sY.
318 2962 384 3028 Sed
399 2963 501 3049 quern
516 2962 584 3028 cito
599 2966 678 3028 sunt
693 2962 892 3030 censecutae
907 2964 1081 3030 mdlieres!

189 3064 303 3131 OLIT.
317 3064 389 3131 Vbi
406 3065 506 3131 senti
529 3085 615 3153 quor
632 3064 779 3130 retinesi
824 3067 891 3132 sY.
912 3066 986 3137 Iem
1003 3086 1093 3131 nunc
1111 3064 1194 3131 haec
1201 3084 1241 3125 ra

360 3186 429 3233 non
444 3166 495 3234 est
510 3172 580 3233 tua.

189 3268 304 3337 OLIT.
318 3269 404 3353 Scio,
415 3269 504 3358 epud
515 3275 668 3358 patrem:
691 3275 727 3336 at
738 3269 984 3338 nuncintcrim.
1031 3271 1097 3337 SY.
1111 3269 1193 3336 Niie

360 3393 480 3461 magrs.

189 3473 303 3542 OLIT.
318 3473 407 3542 Sine.
447 3476 513 3542 sY.
527 3475 607 3542 Nen
622 3475 731 3542 sinam
745 3475 893 3564 inquam.
932 3476 1046 3550 OLIT.
1061 3475 1195 3556 Quaeso

359 3577 538 3672 paulisper.
585 3578 652 3649 SY.
669 3578 771 3649 Veto.
