2722 4222
152 271 194 340 73
438 268 596 325 nnnvros
622 275 865 328 riuosvrmuos.
957 275 997 328 11
1013 277 1041 329 s.
1056 276 1157 330 :re-se

83 431 141 492 275
280 425 351 491 Vbi
366 425 509 491 uentum
523 426 568 491 ad
582 427 675 492 aedis
689 427 751 510 θεῖ,
764 428 895 495 Dromo
909 427 1021 516 pultdt
1036 428 1145 493 fores:

280 526 378 592 Anus
387 528 553 615 quaedam
564 529 695 616 prodit:
714 530 798 596 hado
809 530 868 595 ubi
879 531 1012 618 aperuit
1023 530 1193 613 (istiumas
1307 522 1309 526 ’

281 630 450 696 Continuo
465 630 520 696 hio
535 653 569 697 se
584 632 727 698 coniecit
742 633 843 715 intro,
856 653 921 720 ego
936 633 1139 720 odnsequor:

280 730 379 797 Anus
393 731 522 798 fdribus
542 734 638 798 obdit
653 734 834 820 pessulum,
847 735 891 800 ad
906 734 1020 800 lanam
1034 735 1133 800 redit.

280 834 348 899 Hie
362 833 438 899 seiri
452 835 566 921 potuit
581 836 642 900 aiit
657 856 824 923 nusquam
838 836 929 920 alibi,
942 836 1062 920 Clinia,

280 937 356 1015 Quo
370 936 483 1002 studio
498 939 608 1003 uitam
622 939 717 1004 suam
731 945 766 1004 te
781 939 920 1005 absente
935 940 1098 1028 exegerit,

279 1040 351 1108 Vbi
366 1040 408 1106 de
424 1040 595 1128 inprouiso
611 1048 661 1108 θεῖ
677 1044 907 1109 interuentum
921 1043 1074 1110 mulieri:
1165 1066 1192 1106 o

279 1142 372 1208 Nam
386 1165 427 1209 ea
441 1143 495 1210 res
510 1144 605 1210 dedit
620 1149 695 1210 tum
710 1145 937 1211 existumandi
952 1145 1083 1233 eripiam

279 1247 480 1314 Cotidianae
496 1248 587 1314 uitae
603 1248 890 1332 consuetudinem,

279 1352 375 1430 Quae
397 1351 584 1439 quoiusque
606 1351 787 1439 ingenium·
801 1356 840 1416 ut
860 1351 904 1418 sit
922 1352 1072 1418 declarat
1090 1352 1157 1418 ma

320 1475 433 1520 xume.

279 1558 466 1624 Texentem
481 1557 587 1624 telam
602 1558 751 1624 studiose
766 1558 876 1644 ipsam
890 1557 1104 1641 offendimus,

279 1661 497 1728 Mediocriter
510 1660 671 1727 uestitum
686 1662 782 1727 ueste
796 1661 986 1749 ligubri-
1165 1681 1192 1721 rs

280 1761 361 1827 Eius
376 1762 471 1827 dnuis
486 1783 587 1828 eausa
605 1762 725 1849 opinor
739 1782 826 1848 quas
841 1766 915 1828 erat
929 1761 1115 1827 mdrtua-

281 1867 360 1933 Sine
374 1867 476 1932 auro:
498 1872 572 1932 tum
588 1871 745 1933 ornatam
759 1865 810 1932 ita
824 1866 876 1931 uti
891 1886 978 1953 quae
993 1865 1159 1930 ornantrir

323 1970 395 2052 sibi,

280 2071 414 2147 †Nulld
428 2072 518 2138 mala
533 2093 569 2150 re
585 2093 656 2138 esse
672 2071 858 2159 dxpolitam
873 2070 1030 2136 muliebri

324 2177 345 2214 it
431 2177 452 2215 ll·
539 2177 560 2215 ll·
647 2176 668 2213 ll·
755 2176 776 2214 it
863 2175 884 2214 a
971 2175 992 2212 it
1079 2173 1100 2211 it

281 2278 431 2366 Capillus
445 2299 552 2365 pexus
567 2278 726 2365 prolixus
743 2277 870 2342 circum
885 2281 987 2363 eaput

279 2381 440 2446 Reiectus
464 2381 688 2469 neclegenter,
710 2402 787 2467 pau.
844 2378 966 2445 OLIN.
991 2379 1076 2465 Syre
1098 2379 1193 2461 mi‚so

323 2484 470 2566 obsecre,

280 2587 335 2653 Ne
350 2609 405 2653 me
419 2587 455 2652 in
469 2588 637 2654 laetitiam
649 2587 778 2652 frustra
793 2585 945 2651 conicias.
980 2584 1048 2650 SY.
1059 2583 1158 2649 Anus

280 2690 468 2757 Subtemen
482 2691 605 2756 nebat:
627 2689 804 2777 praeterea
817 2709 885 2752 uua
899 2687 1058 2752 ancillula

279 2793 382 2861 Erat:
406 2794 445 2861 da
460 2793 601 2861 texebat
616 2794 694 2874 ima,
706 2792 827 2879 pannis
842 2790 962 2872 obsita,

280 2896 453 2978 Neclecta,
476 2896 641 2963 inmunda
670 2895 805 2960 inluuie.
865 2893 981 2959 OLIT.
1010 2892 1046 2959 si
1074 2891 1158 2958 haee

323 3007 412 3083 sunt,
432 3001 551 3082 Clinia,

281 3104 384 3186 Vera,
397 3104 445 3169 ita
460 3105 512 3169 uti
527 3102 637 3184 erede,
650 3099 724 3187 quis
739 3104 774 3165 te
789 3103 841 3164 est
856 3097 1082 3163 fortunatior?
1166 3114 1193 3153 ω

282 3208 360 3273 Scin
375 3207 462 3272 hane
477 3227 580 3293 quam
594 3205 677 3270 dioit
695 3201 903 3268 sdrdidatam
917 3204 952 3265 et
967 3199 1156 3264 sordidami

281 3310 448 3397 Magnum
469 3307 533 3374 hoo
551 3327 685 3396 quoque
703 3305 880 3392 signumst,
896 3301 1068 3367 ddminam
1087 3321 1159 3367 esse

325 3417 423 3478 extra
440 3411 586 3494 noxiam,

283 3515 395 3593 Quom
411 3513 481 3579 eius
495 3518 568 3578 tam
582 3510 806 3599 neolegrintur
819 3506 1030 3573 internuntii.

283 3617 375 3682 Nam
391 3616 568 3702 disciplina
583 3620 634 3681 est
650 3614 774 3680 eisdem
788 3610 996 3705 munerarier
