2722 4222
197 256 250 307 Π.
266 257 293 307 1.
308 257 387 308 5-20
487 256 646 306 flmvuou
670 253 914 306 uluouvunuos
1162 254 1203 316 95

198 406 264 473 SO.
280 405 352 472 Abi
366 406 525 472 nunciam
540 406 641 490 intro,
653 411 757 494 etque
774 406 835 471 illa
849 405 878 472 si
892 405 962 499 iam
975 403 1106 488 iuuerit,
1119 403 1226 470 mihis

325 509 454 574 mintie.

282 610 352 676 Hie
367 611 431 699 ego
446 611 559 675 uirum
577 610 708 676 interea
725 609 913 698 epperibor.
960 610 1027 676 SY.
1045 608 1093 676 Te
1108 607 1201 675 uolt:

325 713 443 779 uideas
458 713 539 801 quid
553 713 656 778 uelit:

128 834 186 888 620
281 815 404 882 Neseid
416 816 498 903 quid
512 815 620 881 tristis
635 816 702 881 est:
721 837 790 881 non
805 820 985 881 temerest:
1004 815 1109 880 timeo
1120 814 1202 903 quid

323 919 378 984 sit.
423 919 499 985 CH.
520 918 611 997 Quid
629 919 713 984 siet?

280 1021 336 1087 Ne
350 1021 417 1086 ista
430 1021 544 1087 hercle
561 1041 687 1109 magno
705 1021 774 1086 iem
791 1025 916 1086 conatu
934 1021 1075 1108 mdgnas
1093 1040 1201 1108 nugas

323 1122 455 1189 dixerit.

195 1226 261 1292 SO.
278 1225 388 1292 Ehem
409 1225 457 1290 mi
480 1227 541 1292 uir.
595 1225 671 1292 OH.
690 1226 800 1292 Ehem
821 1246 898 1292 meu
919 1226 1014 1290 iixor.
1067 1225 1132 1291 SO.
1152 1226 1201 1291 Te

322 1329 434 1416 ipsum
452 1328 586 1416 quaero,
632 1328 706 1394 OH.
726 1329 878 1416 Loquere
896 1327 976 1416 quid
994 1327 1088 1394 uelis.

195 1431 260 1498 SO.
277 1430 432 1496 Primum
449 1432 515 1497 hoe
531 1437 567 1498 te
584 1452 654 1516 ore,
670 1431 795 1519 nequid
813 1432 930 1497 eredas
948 1452 1003 1496 me
1021 1431 1201 1496 eduorsum
1210 1454 1235 1494 1⁰

325 1534 476 1600 edictum
493 1540 590 1599 tuom
1108 1558 1112 1565 ·

280 1637 404 1703 Fecere
422 1658 494 1703 esse
511 1656 639 1703 ausam.
685 1636 760 1703 OH.
777 1636 848 1703 Vin
865 1657 921 1702 me
942 1636 1029 1702 istuc
1046 1635 1119 1720 tibi,
1136 1636 1201 1702 etsi

322 1739 563 1822 incredibilest,
580 1738 737 1805 eredere?

127 1857 184 1912 625
280 1842 400 1909 Oredo.
461 1842 529 1908 SY.
557 1842 682 1908 Nescio
708 1842 790 1930 quid
818 1842 950 1930 peceati
974 1841 1088 1930 periet
1116 1841 1200 1908 haee

322 1946 490 2033 purgetie

195 2048 260 2115 SO.
280 2048 490 2114 Meministin
502 2068 557 2113 me
569 2068 640 2114 esse
651 2048 839 2136 grimmam,
849 2055 884 2114 et
895 2048 979 2114 mihi
990 2053 1026 2114 te
1040 2049 1200 2113 mdxumo

322 2172 423 2238 opere
441 2150 582 2235 edicere,

280 2254 315 2321 Si
332 2253 480 2341 puellam
497 2254 659 2343 pererem,
675 2254 766 2320 nolle
788 2254 883 2320 tenid
931 2254 1005 2320 OH.
1025 2254 1101 2320 Scio
1119 2252 1201 2341 quid

322 2355 459 2422 feceris:

281 2458 464 2525 sustulisti.
528 2458 675 2525 suere
701 2460 928 2526 estfactum:
958 2459 1096 2524 demine
1124 2479 1235 2547 eguus

322 2582 398 2627 erus
420 2562 546 2627 damno
568 2561 687 2627 adeius
709 2567 770 2628 est.

196 2662 262 2731 SO.
278 2663 450 2730 Minume:
477 2664 538 2730 sed
559 2668 633 2730 eret
654 2663 710 2730 hie
733 2664 911 2731 Corinthia
933 2665 1016 2729 dnus
1038 2663 1131 2728 haud
1153 2664 1200 2729 in-

322 2787 426 2854 pura:
449 2766 481 2832 ei
499 2766 578 2832 dedi

127 2875 187 2930 630
281 2856 539 2958 Exponendam.
587 2869 662 2936 OH.
683 2870 713 2936 Ο
736 2869 899 2959 Iuppiter,
915 2856 1050 2936 tantam
1072 2869 1142 2936 esse
1163 2871 1200 2936 in

324 2972 437 3038 animo
455 2971 641 3038 inscitiam!

196 3074 262 3143 SO.
278 3073 387 3141 Perii:
412 3075 495 3163 quid
517 3095 581 3162 ego
603 3073 691 3140 fecii
750 3074 826 3141 OH.
849 3075 1015 3163 Rogitas?
1075 3075 1140 3141 ΒΟ.
1165 3073 1201 3141 Si

323 3177 471 3265 peccaui,
487 3176 535 3241 mi
558 3176 729 3261 Chremes

281 3265 432 3346 insciens
449 3279 525 3346 feci.
571 3278 646 3345 OH.
667 3265 710 3342 Id
726 3279 884 3366 equidem
901 3302 975 3368 ego,
988 3281 1015 3346 si
1030 3279 1069 3345 ui
1087 3300 1199 3367 neges

324 3382 415 3449 certe
433 3381 512 3464 seio,

282 3485 331 3552 Te
352 3485 552 3551 inscientem
574 3489 676 3573 atque
697 3484 938 3573 inprudentem
960 3484 1069 3551 dicere
1091 3505 1132 3552 ae
1152 3483 1236 3551 furo

325 3609 399 3656 cere
417 3587 544 3655 emnia:
